quarter,eps,revenue,pat_margin,ebitda,ebitda_margin,pat,company,ret_1m,ret_3m,vol_30d,vol_60d,abnormal_volume
2017Q2,2.8,3598.12,4.86,326.05,9.06,174.77,AVENUE,0.09387364809774934,0.2974134111992639,0.013936275096233007,0.025773898406088586,0.7117240939553922
2017Q3,3.06,3506.92,5.45,339.14,9.67,191.04,AVENUE,0.03717051406884342,0.3230891712352555,0.02668070033587359,0.022271130076238564,2.3778187631428116
2017Q4,4.03,4093.89,6.15,435.4,10.64,251.77,AVENUE,0.04957569573730547,0.13161552836879342,0.012112392846717945,0.01975097349014653,0.8166689023845075
2018Q1,2.68,3809.96,4.39,309.38,8.12,167.1,AVENUE,0.0260223814489422,0.15184977673068079,0.02112206725282342,0.01981073700734398,0.7864052298211744
2018Q2,4.02,4559.42,5.5,436.93,9.58,250.61,AVENUE,-0.055179212322520876,0.09437852425964133,0.024817372667789037,0.020871346244479914,0.2814706191519943
2018Q3,3.62,4872.52,4.63,403.5,8.28,225.74,AVENUE,-0.12339477285009604,-0.03893290797117044,0.013357411267737264,0.013375249203513212,0.8895949651332423
2018Q4,4.12,5450.94,4.72,461.97,8.48,257.11,AVENUE,0.1172032902367941,0.13080656615913444,0.020739944381241313,0.028673984106371925,1.2606897819092049
2019Q1,3.25,5033.37,4.03,391.19,7.77,202.89,AVENUE,-0.015675625480321087,-0.05296329348746609,0.012813531296669924,0.02041065619212554,0.6310476985542443
2019Q2,5.37,5780.53,5.8,607.88,10.52,335.31,AVENUE,0.06950764866838255,-0.0498232253878379,0.021842461786025703,0.020067714642355197,0.9465983838450962
2019Q3,5.34,5949.01,5.61,524.26,8.81,333.45,AVENUE,0.1978368100803527,0.33803164952886333,0.02705798543674116,0.024224018908520394,0.967066282259065
2019Q4,6.3,6751.94,5.84,600.06,8.89,394.26,AVENUE,0.008696831597222232,-0.021529738232345497,0.018846685206513752,0.016264343884554736,0.7288668185493747
2020Q1,4.49,6193.53,4.63,453.26,7.32,286.87,AVENUE,-0.0587146685766915,0.18992576443600084,0.034154807459642215,0.031102150907047644,0.4029748936653589
2020Q2,0.77,3833.23,1.29,160.2,4.18,49.56,AVENUE,0.0050530914525048765,0.2201305524364665,0.023800666231980412,0.026205816095801394,0.6109706779164433
2020Q3,3.25,5218.15,4.03,380.7,7.3,210.55,AVENUE,-0.017153012864650763,-0.03798877964755221,0.0185880071011656,0.019904930761552135,0.7066730913309032
2020Q4,7.26,7432.69,6.33,740.57,9.96,470.25,AVENUE,0.13883057372695906,0.2543858657625988,0.021726801742321816,0.019713963039707492,0.7776147560709896
2021Q1,6.71,7303.13,5.96,669.16,9.16,434.95,AVENUE,-0.045137233500673446,0.07253258100982096,0.02486782150845211,0.025044616122235432,0.9874054641876963
2021Q2,1.78,5031.75,2.29,257.43,5.12,115.13,AVENUE,0.09829875329360926,0.17123149161014561,0.014815916177047583,0.018273097145276373,0.6948941222763538
2021Q3,6.93,7649.64,5.87,703.14,9.19,448.9,AVENUE,0.07469407879973788,0.27095483723447766,0.012227136828531118,0.01029719828366377,1.0839406506949945
2021Q4,9.04,9065.02,6.46,900.5,9.93,585.79,AVENUE,-0.02331197178454314,0.09911297836384092,0.01735892608245142,0.025739927895806657,0.612955409565588
2022Q1,7.2,8606.09,5.42,781.32,9.08,466.35,AVENUE,-0.07764350626507688,-0.14530472555779217,0.019785448987679564,0.021402440546075895,1.0511544254473255
2022Q2,10.49,9806.89,6.93,1044.8,10.65,679.64,AVENUE,-0.12079088945002836,-0.14277440444715184,0.02164815345899264,0.024886190574866112,0.9980722824977136
2022Q3,11.28,10384.66,7.03,938.63,9.04,730.48,AVENUE,-0.039269859748743974,0.28785111386065876,0.017254340109163005,0.017067975827584236,1.198460788955506
2022Q4,9.9,11304.58,5.67,1014.96,8.98,641.07,AVENUE,0.006082884722446336,-0.04051356842869591,0.018954143280061477,0.015473075908363455,0.9569561331914618
2023Q1,7.8,10337.12,4.89,824.09,7.97,505.21,AVENUE,-0.00465324414198609,-0.1860205806647487,0.009806225599845477,0.012806951081410934,0.9060972310514255
2023Q2,10.71,11584.44,6.0,1083.25,9.35,695.36,AVENUE,0.12040329886118117,0.176121898434755,0.01841245984687644,0.017879060163606544,0.9386144365475495
2023Q3,10.12,12307.72,5.35,1047.4,8.51,658.54,AVENUE,-0.016246005507751793,-0.05492128360519599,0.009613918411686007,0.00957340449466678,0.9463660998857618
2023Q4,11.32,13247.33,5.56,1165.37,8.8,736.82,AVENUE,0.0572704654522207,0.12358261575816964,0.010097778629869837,0.011475429591991708,0.9183590607398885
2024Q1,9.28,12393.46,4.88,992.42,8.01,604.2,AVENUE,0.1753736628809499,0.12480586376826142,0.014913853453429523,0.01441454203354076,2.2420373491855057
2024Q2,12.49,13711.87,5.93,1272.99,9.28,812.45,AVENUE,0.053586762368778906,0.09753115525391465,0.025648532553344483,0.021344337375531,0.8877533792844539
2024Q3,10.92,14050.32,5.06,1151.56,8.2,710.37,AVENUE,0.034267136689809075,0.07609956075410107,0.01479270165738638,0.013746292054958514,1.080641916781984
2024Q4,12.06,15565.23,5.04,1271.66,8.17,784.65,AVENUE,-0.03982909103688814,-0.30191281696462324,0.015199103671562958,0.019769296795381055,1.091937413163606
2015Q4,3.49,625.09,7.17,87.14,13.94,44.82,BATA,0.07518787054300557,-0.07101551687940233,0.02088331863111844,0.019545120231758865,1.1991588387009642
2016Q1,2.2,543.99,5.19,66.39,12.2,28.23,BATA,0.1000324662834231,-0.0001965901542317905,0.01779797141425923,0.019785506755634612,1.1344812139200202
2016Q2,3.93,663.13,7.62,93.12,14.04,50.5,BATA,-0.042284376442994986,0.08228390101085514,0.013874525909624404,0.016566472731640452,1.0427948468382853
2016Q3,2.69,577.95,5.98,67.59,11.69,34.59,BATA,-0.08432164504298711,-0.10634592913952734,0.012181530007153007,0.01642454471651938,1.189961227983517
2016Q4,2.93,634.66,5.94,73.02,11.51,37.71,BATA,0.08674135996672305,-0.1051952924447469,0.013935336403700574,0.015488116834946134,1.05926749024762
2017Q1,2.8,591.43,6.08,68.89,11.65,35.94,BATA,0.12110131303597904,0.26647318753661997,0.015216444989992904,0.015276286673400011,1.1653126338955901
2017Q2,4.7,736.06,8.21,107.13,14.55,60.43,BATA,-0.014582026291545147,-0.013042974768615045,0.011948598637697294,0.012488082531571888,0.7104971952165365
2017Q3,3.34,586.9,7.31,79.28,13.51,42.89,BATA,0.013365677922165586,0.29215702998900395,0.01590716511363616,0.01693605501526421,0.7180963359741184
2017Q4,5.3,674.0,10.11,122.21,18.13,68.17,BATA,0.003221946120343544,0.07718916311378399,0.013382083637789767,0.017260832785732167,0.5675463079202816
2018Q1,4.05,632.31,8.24,96.01,15.18,52.08,BATA,0.005094564116364442,-0.03337097166376379,0.0162749588865441,0.015075036729133524,1.6012324169862668
2018Q2,6.42,797.28,10.35,143.8,18.04,82.55,BATA,0.10250167253609388,0.14031716249975057,0.01642332340421701,0.016100938234076653,1.175385032834724
2018Q3,4.33,673.07,8.27,102.24,15.19,55.66,BATA,-0.11758808509080332,0.16696370111684633,0.018503773232625222,0.018713007628528778,1.0946271835308268
2018Q4,8.03,778.7,13.25,177.37,22.78,103.18,BATA,0.13265769737239674,0.18588606029465415,0.019123944074980227,0.0233874891544211,0.9951652460611204
2019Q1,6.87,679.39,12.99,122.43,18.02,88.27,BATA,0.07769711711580629,0.28883383361430437,0.0172147610413596,0.015270214562492885,0.8502341924998115
2019Q2,7.84,882.14,11.42,259.9,29.46,100.73,BATA,0.09799986545512773,0.08870253205030454,0.01289793193074111,0.014276841915609816,0.7621998581044569
2019Q3,5.55,721.96,9.89,203.1,28.13,71.37,BATA,0.1422698222671166,0.1957119414483126,0.01926515341037073,0.0176712239598486,1.0294705263970017
2019Q4,9.12,829.64,14.13,279.65,33.71,117.2,BATA,0.07519713461415778,0.01804706476343898,0.011956634491730811,0.013315063381621734,1.0667621799414424
2020Q1,2.93,619.7,6.07,155.93,25.16,37.61,BATA,-0.2541726682996047,-0.2971368446443462,0.049244899866337725,0.036092629751468035,0.9619626112392473
2020Q2,-7.87,134.79,-75.03,-34.09,-25.29,-101.13,BATA,-0.05862856830009311,0.13287073514798542,0.01862291399963309,0.023101319281027044,0.6558746732998783
2020Q3,-3.45,367.87,-12.07,32.49,8.83,-44.39,BATA,0.0196843483981739,0.01841448630562681,0.02053007699817289,0.01802715080762669,1.0065111999296215
2020Q4,2.01,614.74,4.2,125.73,20.45,25.8,BATA,0.022957045470232362,0.1982024894282164,0.022005425029621113,0.017650089731503445,0.5127619443396493
2021Q1,2.29,589.91,4.99,126.45,21.44,29.44,BATA,-0.022250052832278988,-0.1124717259212139,0.012753752991656216,0.014758646377236272,0.9287309912652157
2021Q2,-5.55,267.05,-26.71,-21.83,-8.17,-71.32,BATA,0.036379611360012776,0.13088273499601755,0.011854947168154214,0.015099949640670433,0.42305266906065603
2021Q3,2.88,614.12,6.03,130.56,21.26,37.05,BATA,0.0035837921218047075,0.1162498604284794,0.012568524451282722,0.01347897037902413,0.7839521308718097
2021Q4,5.63,841.3,8.6,182.16,21.65,72.36,BATA,-0.02256047067871103,0.0525828146320928,0.020827749851478637,0.022165288540555998,0.9995820004671399
2022Q1,4.89,665.25,9.44,180.7,27.16,62.8,BATA,0.08155504142323755,0.08334721218669783,0.018478773676383693,0.02234654559319383,1.0387157966813436
2022Q2,9.29,943.02,12.66,253.9,26.92,119.34,BATA,-0.09912006564589626,-0.14720841679776486,0.018200912575531403,0.018387556896926022,0.831747543946537
2022Q3,3.98,829.76,6.16,168.88,20.35,51.11,BATA,-0.04991650149806526,0.12250381300666469,0.015480450496546824,0.015745019769676075,0.6032743789884905
2022Q4,6.47,900.21,9.23,213.59,23.73,83.11,BATA,-0.0408292673754721,-0.07719198490688961,0.00920733871781507,0.010670227606623058,0.945787449211445
2023Q1,5.1,778.59,8.42,191.86,24.64,65.56,BATA,0.0051019362112671995,-0.12917890253783482,0.01006493942354649,0.011269514860130666,1.0468337369936964
2023Q2,8.39,958.15,11.26,253.57,26.46,107.84,BATA,0.057665002431834145,0.19738436823808936,0.007546944313035298,0.00860491422914906,0.9948290320327019
2023Q3,2.68,819.12,4.21,156.53,19.11,34.49,BATA,-0.05726512322934818,-0.03261478672137508,0.010118878912418713,0.012706317482974606,0.6914458495965982
2023Q4,4.46,903.47,6.34,192.55,21.31,57.31,BATA,0.023838366234168795,0.022095798885583662,0.00900006360517733,0.009865536502493694,1.0560286142218873
2024Q1,4.69,797.67,7.56,201.39,25.25,60.29,BATA,-0.04504572518716443,-0.15764130037418445,0.009331488727626635,0.010850784110734672,1.0694598606279582
2024Q2,13.57,944.63,18.46,335.29,35.49,174.37,BATA,0.10175045032956032,0.09477832384237761,0.01714874834361047,0.014741255657350929,1.1671036113223048
2024Q3,4.07,837.14,6.25,192.11,22.95,52.36,BATA,-0.008914747126341438,-0.023442787461004144,0.008233022000523386,0.012479689864096645,1.3526249472920884
2024Q4,4.53,918.48,6.33,197.99,21.56,58.17,BATA,-0.025481050431952146,-0.05149875651283242,0.014659562886108906,0.013788252635940681,2.5815621746070065
2015Q4,8.2,1968.59,9.99,321.22,16.32,196.72,BRITANNIA,-0.001732962408342864,0.02679236029594212,0.016633859846236384,0.016149128562054683,0.9583083782932986
2016Q1,8.0,1935.67,9.91,301.63,15.58,191.86,BRITANNIA,-0.009566869906847186,-0.09782392242014382,0.017527432481165485,0.017615051126319396,1.3901612640495196
2016Q2,8.77,1949.36,10.79,336.13,17.24,210.39,BRITANNIA,-0.002224193848478939,0.04565089214573459,0.02119165516712287,0.01788560011922803,0.8145998459474093
2016Q3,9.49,2200.87,10.34,363.16,16.5,227.57,BRITANNIA,-0.023001874034543346,0.22235916495964392,0.014467732126022067,0.01869387916551452,0.8445074093115421
2016Q4,8.81,2093.17,10.1,332.96,15.91,211.49,BRITANNIA,-0.03897306608853646,-0.1521355541918743,0.0115453428916091,0.014893342663353138,0.71164513519847
2017Q1,8.2,2067.01,9.52,318.69,15.42,196.73,BRITANNIA,0.060672666837010114,0.1702476693204602,0.009443029419306559,0.011476527627541257,1.7674518564424624
2017Q2,8.7,2077.15,10.05,346.79,16.7,208.69,BRITANNIA,0.04455594716618538,0.08806119142613067,0.012464570510489843,0.013494113480469206,0.9090736422892693
2017Q3,10.22,2373.42,10.34,402.39,16.95,245.34,BRITANNIA,0.026778788632521033,0.18400796417744503,0.0068397051966732425,0.01048229023570306,1.1895753194574756
2017Q4,10.38,2398.32,10.39,407.35,16.98,249.17,BRITANNIA,-0.021179899764471544,0.08515549745643258,0.011237555746253533,0.012622497540550028,0.6535821644967422
2018Q1,5.1,2357.04,10.38,409.87,17.39,244.69,BRITANNIA,0.0011785558195069878,0.04741249591254548,0.009185791156908199,0.011127654793125727,1.153668256335077
2018Q2,5.13,2386.89,10.32,406.27,17.02,246.24,BRITANNIA,0.04892020478879511,0.21670043234256497,0.011833186168159074,0.0114460583374688,1.0549016678019734
2018Q3,5.9,2685.94,10.56,464.19,17.28,283.57,BRITANNIA,-0.14931387751768754,-0.039661266193329436,0.018284419684261435,0.015113664904997895,1.394021391260257
2018Q4,12.6,2685.37,11.27,501.67,18.68,302.7,BRITANNIA,0.027387879590460296,0.09660504188672636,0.016434995464501573,0.01712284012746521,0.6536824787012557
2019Q1,12.05,2631.29,11.01,480.52,18.26,289.69,BRITANNIA,0.01586177333455474,0.002460647568337526,0.014527283623942783,0.013152227951055574,2.0081090219917215
2019Q2,10.41,2554.16,9.8,437.74,17.14,250.21,BRITANNIA,-0.0594103234524993,-0.11228651171559412,0.013649655714599486,0.01319705096006297,1.7317610120452593
2019Q3,20.5,2867.31,17.18,635.55,22.17,492.58,BRITANNIA,0.08917539374198191,0.08632067519397801,0.027847229435380132,0.02198059754021627,0.7345849376988018
2019Q4,14.99,2769.31,13.01,546.35,19.73,360.35,BRITANNIA,-0.009778590860505254,-0.021016579010334602,0.0077261024694495065,0.013809249312540307,0.7226460953857592
2020Q1,15.85,2629.79,14.49,505.48,19.22,381.16,BRITANNIA,-0.09469047188598445,-0.11191286865992922,0.04771703919133589,0.03429936108059552,1.3330726083793123
2020Q2,21.45,3179.61,16.22,759.09,23.87,515.87,BRITANNIA,0.049186867890464336,0.4863869808898367,0.01178597452317226,0.02519087461752539,0.8113011912045326
2020Q3,19.21,3161.44,14.62,692.1,21.89,462.31,BRITANNIA,0.00719963473627705,0.09678468786223204,0.013735374036834447,0.01523989321752207,0.9297444836697025
2020Q4,17.79,2916.1,14.69,648.49,22.24,428.39,BRITANNIA,-0.014603110002826436,-0.058396829950248086,0.010098960402182172,0.013844041988675903,0.5660699762336828
2021Q1,14.67,2856.5,12.37,544.34,19.06,353.46,BRITANNIA,0.07768121845613774,0.008835915324680421,0.013035118373877387,0.011593011843129528,0.8291798768478611
2021Q2,19.34,3182.37,14.64,675.71,21.23,465.88,BRITANNIA,0.058867061897748485,0.06255238644430339,0.010266954788236719,0.011530903727240582,0.6531137374613191
2021Q3,15.25,3369.53,10.9,581.92,17.27,367.31,BRITANNIA,-0.012145095465171729,0.08200789265534114,0.011856505237739033,0.010443634977576348,0.7001308059962654
2021Q4,14.8,3327.42,10.72,565.88,17.01,356.57,BRITANNIA,0.007684812217456871,-0.08684593736539548,0.011450132581589187,0.012139289531339614,0.5952786326052952
2022Q1,17.16,3289.72,12.57,625.08,19.0,413.43,BRITANNIA,-0.06449400562547947,-0.09922470739896438,0.018295279435412332,0.016565762658884615,0.9189050476363845
2022Q2,13.35,3470.37,9.27,523.01,15.07,321.66,BRITANNIA,-0.007070374654226774,0.11999462459180088,0.014979916077969585,0.015265640987644855,1.028112710617149
2022Q3,20.45,4144.65,11.88,753.21,18.17,492.55,BRITANNIA,0.03359207185895685,0.10865745606786104,0.012474413382468281,0.01324855408792084,1.318404426537597
2022Q4,31.84,3911.4,19.61,1065.98,27.25,766.93,BRITANNIA,-0.021312031300341427,0.1146202847444,0.009279028902689224,0.014461364103384085,0.5475598249710449
2023Q1,23.17,3758.7,14.85,847.92,22.56,558.16,BRITANNIA,-0.031288099098325195,-0.0060138939424061455,0.01067126850906262,0.011440488403347708,1.003536635353587
2023Q2,18.39,3824.27,11.59,718.79,18.8,443.05,BRITANNIA,0.0789126490145966,0.21256038442865854,0.010297177937689984,0.010221267402354238,0.5263973223628011
2023Q3,23.68,4220.26,13.52,894.12,21.19,570.49,BRITANNIA,-0.0029995784733334308,-0.0970037879014547,0.008492218622564178,0.010316407283985652,0.9745528427666242
2023Q4,22.35,4031.41,13.35,839.57,20.83,538.36,BRITANNIA,0.11133205026118187,0.16049478875037648,0.010195102131646478,0.009295951433899505,1.6437846692856506
2024Q1,22.01,3862.93,13.72,825.55,21.37,530.15,BRITANNIA,0.0019073988428432997,-0.06201368098458371,0.01092450270188803,0.0128351960463937,1.5816665243808423
2024Q2,20.84,3967.38,12.66,770.94,19.43,502.08,BRITANNIA,0.04699027734499106,0.1254984279902307,0.011398064021158704,0.013833821526466061,0.7559952673534149
2024Q3,21.36,4391.88,11.71,798.06,18.17,514.41,BRITANNIA,0.08247297433728984,0.17239984986103352,0.008593594820986157,0.009695754972181428,1.1245164052647776
2024Q4,23.13,4281.06,13.01,870.26,20.33,557.13,BRITANNIA,-0.03610495351989185,-0.2402453389164777,0.010272034345677495,0.016234204467414002,0.7225392181713736
2015Q4,6.07,948.35,17.41,248.47,26.2,165.11,COLGATE,0.0005075806805943106,0.027479730605446617,0.010802927866447765,0.012180829577636419,0.9805206314947771
2016Q1,5.27,1007.88,14.21,252.7,25.07,143.27,COLGATE,-0.002041844169252016,-0.14508379757746637,0.013416891215507001,0.014417830455501464,0.9762913010449517
2016Q2,4.62,1005.59,12.5,221.35,22.01,125.72,COLGATE,0.08154242418373836,0.1257585265830914,0.011324387597376856,0.010122864583848817,1.3953497327980775
2016Q3,6.67,1048.32,17.3,286.04,27.29,181.31,COLGATE,0.01836028756770247,0.06817417753614441,0.009055206287056668,0.014376639611337616,1.7947810686336507
2016Q4,4.7,864.98,14.78,224.96,26.01,127.82,COLGATE,-0.024859210636749673,-0.06524067428507829,0.01085572444422516,0.013780151457792515,1.0728856786480636
2017Q1,5.24,1032.58,13.81,252.32,24.44,142.58,COLGATE,0.109439675866988,0.11603143126262183,0.010585531598108038,0.009314321613076843,0.6417571509432685
2017Q2,5.01,969.43,14.07,234.27,24.17,136.38,COLGATE,0.09491868854872476,0.12404694344094147,0.014576056097420355,0.01363949114607048,1.0464840940548563
2017Q3,6.53,1077.98,16.47,309.46,28.71,177.57,COLGATE,-0.04116668669201451,-0.03969920381341063,0.010376886184878505,0.011153618605558625,0.9950230969954796
2017Q4,6.27,1026.97,16.62,291.46,28.38,170.65,COLGATE,0.05224239089909055,0.030076234298109794,0.008571468281292875,0.010689503577246654,0.9071519280528733
2018Q1,6.94,1085.06,17.4,304.35,28.05,188.77,COLGATE,0.008724687253246044,-0.020126847943723436,0.010080848924026681,0.00958416470812202,1.2508790213837755
2018Q2,6.97,1033.55,18.34,324.87,31.43,189.51,COLGATE,-0.05941884205737302,0.13064852026284357,0.01004745794809916,0.011486835386287045,0.41791261860298345
2018Q3,7.22,1160.63,16.92,338.21,29.14,196.37,COLGATE,-0.06351750883060936,-0.08464191793476616,0.012012795977089576,0.012630882232619788,0.9130751826896282
2018Q4,7.06,1091.63,17.6,322.37,29.53,192.1,COLGATE,0.09200633507225864,0.23314979041625805,0.019822426054485625,0.0169686362758247,0.8871126977534728
2019Q1,7.26,1146.63,17.23,318.78,27.8,197.59,COLGATE,-0.009611940907098493,-0.03858999984716749,0.012993238873589115,0.011458484988302474,0.8566008269664329
2019Q2,6.22,1075.99,15.72,314.97,29.27,169.11,COLGATE,-0.021819643357707363,-0.07368875061818791,0.010000021682196339,0.009368151811178387,0.6696450385498608
2019Q3,8.97,1213.21,20.12,331.6,27.33,244.11,COLGATE,0.23980882183066976,0.3330527610778937,0.023333820381726468,0.019110336383798505,1.150736238700421
2019Q4,7.32,1136.02,17.53,321.85,28.33,199.1,COLGATE,-0.007664875822654071,-0.02506535959935219,0.008858657805516255,0.013062228284642298,0.31879939403060087
2020Q1,7.51,1062.35,19.22,282.51,26.59,204.15,COLGATE,-0.02543991388318234,-0.14368739458466573,0.029176557854614878,0.023648680448430506,1.313949395690298
2020Q2,7.29,1033.6,19.17,314.26,30.4,198.18,COLGATE,0.018167275213886613,0.26849636229088936,0.01823271553720142,0.023780832644311144,0.6258484793704131
2020Q3,10.08,1277.66,21.46,416.86,32.63,274.19,COLGATE,0.04031359029505044,0.036777205318782924,0.013010673236920869,0.013133674370583936,1.2954737098932603
2020Q4,9.13,1224.21,20.29,380.49,31.08,248.36,COLGATE,0.04072449326100891,0.10481365220205463,0.01408415896200138,0.015408923853330854,0.349215353986762
2021Q1,11.57,1275.01,24.68,428.37,33.6,314.66,COLGATE,-0.0008345451590182629,0.003353478462412296,0.010158605301343517,0.010739811007217485,1.008026759605175
2021Q2,8.58,1157.86,20.14,360.43,31.13,233.23,COLGATE,-0.016338029636657203,0.1097724187332858,0.011993017310717662,0.011861163758295948,0.6712215772603011
2021Q3,9.9,1343.96,20.03,407.27,30.3,269.17,COLGATE,-0.014055578663573876,-0.009668991022063866,0.00969495356234083,0.011070069532889379,0.6073070822092753
2021Q4,9.28,1271.29,19.85,386.23,30.38,252.33,COLGATE,0.02839489050790167,-0.101663695747638,0.010103148846820712,0.010170141034528905,0.6402258707295673
2022Q1,11.9,1293.35,25.02,438.28,33.89,323.57,COLGATE,0.06332732132263996,0.059892897368166054,0.012934162149170786,0.012536436653247905,0.6541501647041006
2022Q2,7.71,1186.59,17.67,327.87,27.63,209.67,COLGATE,-0.0843674572709654,-0.015735874504139602,0.011825617646305733,0.012918738732070955,0.7583717177827913
2022Q3,10.22,1378.37,20.17,419.27,30.42,278.02,COLGATE,-0.029107900641792583,0.0958737907137317,0.014388275079114918,0.013328777899759352,0.6614741007044805
2022Q4,8.94,1281.21,18.99,371.86,29.02,243.24,COLGATE,-0.04485683979535582,-0.032018533494742374,0.012576239988169261,0.011856435130527369,0.550708301397005
2023Q1,11.63,1341.69,23.57,470.38,35.06,316.22,COLGATE,0.022972500854388622,-0.02449514804446762,0.005859812625518524,0.007158401101813046,0.7409284197112589
2023Q2,10.06,1314.73,20.82,413.59,31.46,273.68,COLGATE,0.06073082907355887,0.1396953976728459,0.009631200266380044,0.009750816330849984,0.9220709838483689
2023Q3,12.5,1462.38,23.25,503.14,34.41,340.05,COLGATE,0.03381537123750178,0.18805178235716613,0.013985576870154117,0.01444796317330932,1.2204519652918815
2023Q4,12.14,1386.41,23.81,486.28,35.07,330.11,COLGATE,0.14546415352095776,0.23623906676495787,0.013287265512156497,0.012721908045432504,0.8324898224361277
2024Q1,13.96,1480.66,25.65,554.82,37.47,379.82,COLGATE,0.07500245084910562,0.10356260232443781,0.01658467511965773,0.016053185611525238,1.3550652950036612
2024Q2,13.38,1485.76,24.5,531.74,35.79,363.98,COLGATE,0.05709026144697571,0.064015009197264,0.01541531805063541,0.016650866607421863,1.350890593961449
2024Q3,14.52,1609.21,24.55,573.33,35.63,395.05,COLGATE,0.045091882061923716,0.3295707445077327,0.009298109178544895,0.01068111660632336,2.086699854608733
2024Q4,11.87,1452.21,22.23,474.76,32.69,322.78,COLGATE,-0.07235918698276,-0.282209607722548,0.018206521723010377,0.017673253004492562,0.7604860455929232
2016Q3,0.92,873.73,6.57,104.85,12.0,57.43,CROMPTON,-0.0669697744245743,0.10875004875189243,0.014818575064376175,0.020938969909459676,1.0157869606130845
2016Q4,0.87,879.23,6.18,102.26,11.63,54.35,CROMPTON,-0.011517815390752473,-0.04827173377696137,0.0218319950932286,0.02462585835308219,1.5699876154758838
2017Q1,1.24,1046.3,7.45,133.77,12.79,77.94,CROMPTON,0.15153928693901486,0.4854500469665033,0.020100559894215317,0.021027390752490768,0.9528455527838815
2017Q2,1.28,1055.45,7.61,139.09,13.18,80.27,CROMPTON,0.015470903859719609,0.09820581429940045,0.02042053604940887,0.020363442583346807,1.1355872019399174
2017Q3,1.13,959.71,7.38,124.23,12.94,70.8,CROMPTON,-0.04699970534917608,-0.07090496528896484,0.014376005467377516,0.014864880600943473,1.4426672319102254
2017Q4,1.11,938.19,7.41,123.09,13.12,69.5,CROMPTON,0.04474774211630206,0.3251564180202837,0.02003147930372483,0.020525107444522933,0.3659407223886281
2018Q1,1.65,1126.31,9.16,175.38,15.57,103.22,CROMPTON,0.01740445463818352,-0.11841364433579327,0.018527594695883536,0.021237004788293753,1.0754650883612995
2018Q2,1.66,1203.89,8.66,176.1,14.63,104.27,CROMPTON,-0.0024255443447955827,-0.027515105522252337,0.016735103761531953,0.019401755859435595,0.725383863816674
2018Q3,1.23,1037.83,7.41,133.75,12.89,76.91,CROMPTON,-0.0938891287590875,0.028697143604196063,0.023330163202615297,0.020259419163890763,1.5628162459107615
2018Q4,1.27,1030.31,7.73,138.45,13.44,79.67,CROMPTON,0.05505446505926925,0.04299110864077571,0.012653714479697237,0.016317989343446502,0.6690323978465429
2019Q1,2.26,1206.88,11.74,185.75,15.39,141.67,CROMPTON,0.04451806627434807,-0.029269401041082888,0.022514147979979773,0.020594453309569553,1.073941752331056
2019Q2,1.96,1346.84,9.1,209.38,15.55,122.6,CROMPTON,-0.020270367608267614,0.07681602269231047,0.023593155414558135,0.02191106222537447,1.2269574246607085
2019Q3,1.78,1075.79,10.34,141.75,13.18,111.27,CROMPTON,0.10580956288219645,0.09920529286718893,0.020380204311119407,0.017048988526697995,1.3023230157630301
2019Q4,2.57,1071.29,15.03,154.25,14.4,161.02,CROMPTON,-0.058118999894702816,-0.07393827278680887,0.014948536066452217,0.015001132615006648,0.6475886656052752
2020Q1,1.59,1018.05,9.8,150.35,14.77,99.81,CROMPTON,-0.2516127694320779,-0.12945581980188237,0.035283794897326456,0.02892136408575839,0.7341624629999524
2020Q2,1.18,713.17,10.34,117.58,16.49,73.71,CROMPTON,0.035582468967289005,0.25111398134816443,0.023047413883206636,0.028929181240132953,0.9021330803633681
2020Q3,2.19,1198.39,11.44,202.52,16.9,137.08,CROMPTON,0.09658660997301793,0.23667514729458117,0.02466305068410983,0.0221813878321961,0.9917564988328397
2020Q4,2.35,1323.13,11.14,215.05,16.25,147.43,CROMPTON,0.18459153936475614,0.31524315564526995,0.023692481820984063,0.021994695774489457,0.8169213056640069
2021Q1,3.93,1515.26,16.27,245.17,16.18,246.52,CROMPTON,0.019083395707734985,0.06325338557554328,0.01919377957734318,0.021071567875846495,1.1087621524712405
2021Q2,1.48,1046.15,8.9,142.46,13.62,93.12,CROMPTON,0.09113731761007116,0.1336898975459253,0.01808923407911275,0.023018733735734674,0.6951506022938598
2021Q3,2.72,1384.81,12.31,242.57,17.52,170.48,CROMPTON,0.01151121648936626,0.10808948982931099,0.017245836558905502,0.018256323928103748,1.0045121482924921
2021Q4,2.36,1410.19,10.5,215.39,15.27,148.12,CROMPTON,0.00864653015286887,-0.08655249076209703,0.016431683988755275,0.017510854691372087,0.4012195646493879
2022Q1,2.89,1532.05,11.86,240.33,15.69,181.76,CROMPTON,-0.12718782804628315,-0.1308389007373586,0.02654468611097224,0.021920463636885764,0.690215301971554
2022Q2,2.01,1608.05,7.93,204.21,12.7,127.52,CROMPTON,-0.061266752386133216,-0.08684566507239277,0.022601737890767228,0.0209928776471145,0.9371965483981111
2022Q3,2.08,1331.61,9.91,184.66,13.87,131.95,CROMPTON,0.02005946268808656,0.21932819117169822,0.020636702314285195,0.019029128747330357,0.6616118024509745
2022Q4,1.33,1265.81,6.66,149.45,11.81,84.34,CROMPTON,-0.09263748053308118,-0.18761315173527127,0.01241078907545276,0.013301762851616909,0.9385112406113568
2023Q1,2.07,1603.84,8.21,212.91,13.28,131.75,CROMPTON,-0.03570847080613393,-0.13505539553613333,0.013940290685459678,0.018669829617732003,1.3126323595547353
2023Q2,1.81,1657.46,6.96,184.31,11.12,115.32,CROMPTON,0.053675444706285935,-0.02162540421254444,0.014477164352880436,0.020432146303518573,0.5637800066867017
2023Q3,1.48,1476.17,6.42,163.04,11.04,94.79,CROMPTON,0.019411080620645338,0.08130830654764631,0.014062371819136103,0.015876257854712104,1.2289007927559694
2023Q4,1.49,1458.13,6.54,161.99,11.11,95.37,CROMPTON,0.09548991400593532,0.050515302117658756,0.01285496528314698,0.012826523326548673,1.2299933819652684
2024Q1,2.52,1796.62,8.96,239.7,13.34,160.97,CROMPTON,-0.07134171834640346,-0.10833329543617631,0.01217918785642028,0.0143826591246118,1.6287378519691504
2024Q2,2.45,1959.46,8.04,244.28,12.47,157.62,CROMPTON,0.028941298899216594,0.5047334379746777,0.034430219472379744,0.027249725606788903,0.7002363516587042
2024Q3,1.92,1645.33,7.49,195.8,11.9,123.28,CROMPTON,-0.1274499331840071,0.006460201571510726,0.015808260162934108,0.017548911347603908,1.551862121364141
2024Q4,1.74,1545.0,7.23,181.24,11.73,111.74,CROMPTON,-0.033927314532930075,-0.06385994649312055,0.015250667544936692,0.016024958747331685,0.5298331868312169
2015Q4,1.41,1369.96,18.12,339.37,24.77,248.19,DABUR,-0.005565615148929948,0.012326627797438094,0.013771733435030683,0.012642242108188926,0.4886337656140643
2016Q1,1.63,1432.97,20.04,392.26,27.37,287.14,DABUR,0.03564026390273822,-0.09880982195720966,0.013903653279951295,0.017066627613830928,1.0540820044120087
2016Q2,1.13,1299.5,15.27,277.72,21.37,198.37,DABUR,0.06735366918469121,0.2548704520428946,0.01596923224003248,0.018565458312690117,1.3795601113844
2016Q3,1.53,1351.58,19.88,370.97,27.45,268.72,DABUR,-0.07692328383842018,-0.10906694442287057,0.010800628949882969,0.011244906221252434,1.0706288534023563
2016Q4,1.3,1283.96,17.84,318.82,24.83,229.01,DABUR,-0.02778766493722984,0.007334328634606591,0.014824312285208105,0.016489958623317782,0.7501124159813667
2017Q1,1.72,1434.8,21.06,418.5,29.17,302.23,DABUR,0.004345176741648027,0.010750786101160426,0.009744962481929593,0.009965037575019436,1.054948465355874
2017Q2,0.96,1233.74,13.75,250.65,20.32,169.59,DABUR,0.043400483446363936,0.05948486592561775,0.010078560780428222,0.011624903092913386,1.0708606729260952
2017Q3,1.61,1416.39,20.01,395.02,27.89,283.41,DABUR,-0.03205308259585149,0.04770863219082222,0.01422335710834745,0.013525900861977403,1.4965085346601794
2017Q4,1.51,1449.31,18.32,370.46,25.56,265.47,DABUR,0.02883214935014622,0.12928198176606154,0.009406578532513645,0.01255002781449645,1.2732114983539453
2018Q1,2.01,1509.62,23.42,481.39,31.89,353.58,DABUR,-0.010098133757673877,-0.07100429301463995,0.01056912429273472,0.009994818195579933,1.4914490299165413
2018Q2,1.31,1473.1,15.65,325.09,22.07,230.56,DABUR,0.021263047747753783,0.1653765207836304,0.01065154004479345,0.010806357322359897,0.9932996259300366
2018Q3,1.74,1537.2,19.99,427.2,27.79,307.26,DABUR,-0.12115290050785776,0.10279329788329883,0.024179616507551176,0.02137550154450406,0.8488455987281917
2018Q4,1.77,1664.46,18.75,432.9,26.01,312.14,DABUR,0.03783581168453898,-0.009937920878575368,0.020769079181540216,0.022069443882658822,1.1629039429038925
2019Q1,2.35,1598.43,25.92,456.79,28.58,414.33,DABUR,-0.04850644705034102,-0.02756755672574074,0.013953970635956154,0.013572449331705896,1.7931943528298102
2019Q2,1.46,1628.27,15.83,363.75,22.34,257.81,DABUR,0.003759569281623465,-0.04631509439411052,0.014983591987181678,0.013799872866188992,0.5832647777176971
2019Q3,1.84,1612.2,20.19,409.96,25.43,325.54,DABUR,0.028633885759002276,0.11893035683544873,0.01231945178946343,0.011897697486244802,0.9414030685886745
2019Q4,1.87,1748.18,18.88,438.81,25.1,330.0,DABUR,-0.0015247448592425883,0.028059171444599684,0.011413470627473417,0.013218259532011372,0.5627300923049768
2020Q1,1.45,1321.15,19.45,345.15,26.12,257.0,DABUR,-0.09282401166588061,-0.018215489469377677,0.03357221295137391,0.025717843169193424,1.252383071587977
2020Q2,1.64,1490.89,19.41,392.28,26.31,289.43,DABUR,-0.007032484633827107,0.14992600878237505,0.016256595903822637,0.025053723521839776,0.9923813753933252
2020Q3,2.22,1900.9,20.66,519.43,27.33,392.68,DABUR,0.047067343608335976,0.09662188025526186,0.015181950948663599,0.015022990904018258,1.055096617637593
2020Q4,2.26,2071.08,19.29,520.95,25.15,399.51,DABUR,0.0553359822049555,0.049497043558863085,0.009369259243681679,0.011155828838433487,1.1470508462766142
2021Q1,1.7,1721.86,17.44,403.19,23.42,300.27,DABUR,0.07433913110890678,0.02183578744643433,0.011667129718515868,0.011568127867268577,0.6330320443319444
2021Q2,1.99,1982.84,17.77,508.5,25.65,352.39,DABUR,0.05902603217989344,0.07351814889082298,0.009321889457727614,0.010764326087302904,0.5775786988050347
2021Q3,2.24,2119.89,18.64,577.54,27.24,395.16,DABUR,-0.007160087480927779,0.09046706212784072,0.01236029813406536,0.012484143624486759,0.9358026754884972
2021Q4,2.23,2224.43,17.7,567.78,25.52,393.62,DABUR,0.002592747229685388,-0.05606382554798517,0.010500417271075504,0.010438824017772533,0.5667736987936955
2022Q1,1.65,1852.34,15.75,421.55,22.76,291.76,DABUR,-0.04819387712942402,-0.053653476936589395,0.022082452252938103,0.017712939262495408,1.0542686543815878
2022Q2,1.98,2179.73,16.06,511.93,23.49,350.08,DABUR,-0.041735149909688074,-0.0601667306227901,0.014191536780625251,0.015527740143164916,0.7253307038408465
2022Q3,2.23,2266.88,17.46,580.08,25.59,395.81,DABUR,0.005881450502285279,0.1608723450420695,0.012781768925651053,0.01213826583288796,1.1717723415281833
2022Q4,2.23,2298.26,17.16,582.45,25.34,394.34,DABUR,-0.04320042256625234,-0.020481915360653913,0.015030037135404174,0.013396144757218903,0.5166863660919334
2023Q1,1.32,1939.48,12.02,388.87,20.05,233.03,DABUR,0.023094451799025473,-0.02861214490341768,0.009979608057132938,0.011879464221525898,0.8295095647100962
2023Q2,2.13,2347.38,16.09,561.45,23.92,377.67,DABUR,0.031598772654688245,0.05817716527301986,0.008049074352617244,0.012163160936673734,0.888978443991698
2023Q3,2.37,2334.4,18.0,611.11,26.18,420.27,DABUR,-0.00594711679462423,-0.032749018033385036,0.0082650515032241,0.010506321054009176,0.9562029861148176
2023Q4,2.42,2414.36,17.73,633.38,26.23,428.12,DABUR,0.04227471367024482,0.0083352003804813,0.00995787923848759,0.010679705524505022,1.499653566089645
2024Q1,1.6,2039.46,13.88,450.76,22.1,283.15,DABUR,-0.011525762676843687,-0.014040695621375221,0.007876771721578635,0.011521746694252958,1.1611227445452323
2024Q2,2.29,2514.16,16.12,606.55,24.13,405.39,DABUR,0.08146557069182991,0.15341785544847997,0.018241332786661194,0.017097625112434896,0.42211607645802496
2024Q3,1.86,2143.58,15.36,521.67,24.34,329.21,DABUR,-0.018755431654546184,0.027707043545754484,0.013640807333399087,0.0138001461774087,1.4701252313794335
2024Q4,2.36,2448.26,17.08,627.86,25.65,418.08,DABUR,-0.03822453374965906,-0.1949099434578122,0.008857521241240804,0.011388245285614327,0.9462183705966332
2015Q4,2.89,673.5,19.47,249.4,37.03,131.15,EMAMI,0.05571681952203944,-0.08783953513507958,0.016381614482661157,0.01951534594454349,0.6624560603881969
2016Q1,1.55,539.11,12.99,181.49,33.66,70.04,EMAMI,-0.037029498547640705,-0.04663049538661057,0.013441628287574621,0.014103616465650249,1.506475305774287
2016Q2,1.09,594.43,8.27,142.39,23.95,49.17,EMAMI,0.06438043494735735,0.17453955111493702,0.015698575514254062,0.01886752845214659,1.804248502992348
2016Q3,1.95,525.62,16.83,202.89,38.6,88.48,EMAMI,0.018278382086527545,0.0827273501978707,0.016445586648752973,0.014482663587411496,1.4901635559157669
2016Q4,3.09,670.15,20.9,267.55,39.92,140.07,EMAMI,-0.11285661497855493,-0.1876465724973334,0.01750600083108027,0.02111791995374975,0.9896578636350023
2017Q1,1.51,520.71,13.18,171.37,32.91,68.65,EMAMI,0.028972947453576703,0.09880092225640502,0.017376386578248325,0.020046249721071323,1.676177427336904
2017Q2,0.14,487.68,1.29,88.45,18.14,6.3,EMAMI,-0.012305400546419376,0.05648061361544632,0.01366909564272541,0.01431774683248904,0.8405555260647926
2017Q3,2.29,580.51,17.9,206.98,35.65,103.94,EMAMI,0.006762967903124695,0.02215056210154276,0.012642765473874471,0.014781311994149959,1.5507528800375228
2017Q4,3.29,716.89,20.79,269.82,37.64,149.07,EMAMI,0.013177128851452169,0.21473914738396105,0.013244932935823584,0.012740023488960453,0.6367381879231777
2018Q1,1.11,568.91,8.83,162.47,28.56,50.21,EMAMI,-0.03236479651547508,-0.17733336522802146,0.012884630871723769,0.01663530358053355,1.0430519960486595
2018Q2,0.89,574.88,7.01,134.74,23.44,40.32,EMAMI,0.025133906714921217,-0.018004451706403746,0.016540705114764492,0.015672626897190792,0.6363038393848497
2018Q3,1.73,572.43,13.73,183.73,32.1,78.6,EMAMI,-0.10724918173760756,-0.022246182837886486,0.02216451405661492,0.020141986262870355,0.9209390355545908
2018Q4,3.04,758.95,18.16,257.02,33.87,137.8,EMAMI,-0.035583097711946676,-0.19582695679897977,0.018888507532411627,0.02384025883751089,0.8782610746892114
2019Q1,1.07,581.58,8.34,158.34,27.23,48.53,EMAMI,-0.002132516157529185,-0.01826503063470397,0.028433169316827087,0.02314206685021221,0.4237866331777985
2019Q2,1.82,588.55,14.03,178.75,30.37,82.56,EMAMI,-0.12735208971379497,-0.2372815397904311,0.03348029831141654,0.02493355009299147,5.117757943501522
2019Q3,2.11,592.12,16.16,201.94,34.1,95.67,EMAMI,0.05812029077444181,0.0661313742895222,0.019490800363540513,0.0166446113806416,1.31003701976429
2019Q4,3.26,748.28,19.77,267.25,35.72,147.91,EMAMI,-0.016658576237133293,-0.04290941264413162,0.012693508430121596,0.017787572441661688,0.6953946673691407
2020Q1,-0.82,460.45,-8.04,34.92,7.58,-37.02,EMAMI,-0.3289050776682635,-0.4444356650385326,0.04083139798544675,0.03460871791748739,1.6537620914176547
2020Q2,1.49,434.59,15.46,157.51,36.24,67.19,EMAMI,0.13521836259382014,0.44172355650216777,0.03750386940458342,0.03718697661934231,1.7537083854695965
2020Q3,2.58,653.86,17.51,254.07,38.86,114.52,EMAMI,-0.02579029815076661,0.5280557790386415,0.0190661555669366,0.03593452931031972,0.7617678361700945
2020Q4,4.55,845.37,23.91,336.51,39.81,202.17,EMAMI,-0.043021692558461666,0.2191054814624276,0.01528924435894368,0.017914320621549438,0.7910190809694868
2021Q1,2.05,648.46,14.07,199.28,30.73,91.25,EMAMI,0.06766267123659953,0.15805839669781263,0.018808928525320345,0.018646263222464942,0.6313214827212124
2021Q2,2.09,608.09,15.29,194.57,32.0,92.97,EMAMI,0.10413785558655397,0.1900818328312197,0.019507118292767973,0.017691494018612357,0.9230928310791572
2021Q3,4.1,711.89,25.62,303.52,42.64,182.36,EMAMI,-0.03884786027042242,0.024359888986472233,0.014263067554126669,0.015447516647951907,1.2702878531207864
2021Q4,4.75,875.3,24.12,339.0,38.73,211.12,EMAMI,-0.03035990482110873,-0.08938697972438325,0.01939846760752166,0.01950051066106872,0.572636849583869
2022Q1,8.21,671.59,54.23,183.03,27.25,364.23,EMAMI,-0.09730497533176585,-0.12367477800495885,0.019596430889789844,0.01621840199992563,1.3677330203510916
2022Q2,2.19,688.22,14.02,196.84,28.6,96.52,EMAMI,0.0029832882814488926,-0.0571011932134472,0.015752953280672596,0.018500130071898,1.3776153988345685
2022Q3,3.24,685.11,20.98,190.72,27.84,143.72,EMAMI,0.024583374261834656,0.1999998762947781,0.021926804446647255,0.01947193168550984,1.071044495736984
2022Q4,5.09,835.55,26.88,280.8,33.61,224.62,EMAMI,-0.08305464778598559,-0.14950496159263627,0.01950948546886856,0.01760410113931219,0.6145482708400647
2023Q1,2.46,697.95,15.57,157.08,22.51,108.64,EMAMI,-0.10216603195571283,-0.13604115612882772,0.021614261989802087,0.018512684640478665,1.7485896445309579
2023Q2,2.93,697.88,18.49,181.3,25.98,129.02,EMAMI,0.08438658003284383,0.21464335365435594,0.019135164901799985,0.014398793931590567,0.6525425161695216
2023Q3,3.75,701.2,23.33,217.34,31.0,163.58,EMAMI,0.03548067177155434,0.2678360474848278,0.02066917447853182,0.020799720221280814,1.526990101144681
2023Q4,5.71,813.06,30.63,302.07,37.15,249.04,EMAMI,0.12592359378057827,0.09301832137803179,0.01963542499967311,0.017323310214052322,2.4045620095386258
2024Q1,3.48,709.43,21.39,214.62,30.25,151.75,EMAMI,-0.08571125819961434,-0.1382674845717703,0.01465512614884321,0.014639642067659811,1.0893249559541778
2024Q2,4.03,755.3,23.3,238.35,31.56,175.98,EMAMI,0.3158346419573552,0.6247495395429863,0.041024598976873834,0.03106481177428799,0.2786121389523605
2024Q3,4.9,709.01,30.2,260.82,36.79,214.1,EMAMI,-0.057796354919299686,0.06254344943794243,0.015430838856698225,0.018518828143222588,0.9705863783544194
2024Q4,6.4,878.64,31.8,338.3,38.5,279.41,EMAMI,-0.12171047656463685,-0.1957540540705145,0.029691912042289607,0.027517905385661953,0.5885315956197373
2016Q1,2.05,1134.06,18.47,297.1,26.2,209.51,GODREJ,0.15105015840206737,0.06158407826306611,0.021020802140407007,0.0212991953316982,1.161504690333285
2016Q2,1.48,1042.43,14.66,221.19,21.22,152.86,GODREJ,0.08225041036975189,0.1602015002889139,0.019125066743615908,0.019244932626171128,0.7367732176643201
2016Q3,2.07,1224.42,17.36,298.41,24.37,212.57,GODREJ,0.015358616359627764,0.019784352016755324,0.017253539921828535,0.016679830132871224,0.7854839221532735
2016Q4,2.26,1179.81,19.63,324.3,27.49,231.55,GODREJ,0.008954055056455745,-0.05654358840945972,0.014447049303914244,0.018824666607129645,0.6545057490935113
2017Q1,2.45,1226.14,20.45,356.0,29.03,250.73,GODREJ,0.0020680937293482415,0.1251355432363499,0.014638059035434864,0.01354080556665185,0.8458643631849302
2017Q2,1.46,1091.66,13.7,221.02,20.25,149.56,GODREJ,0.0688085710086932,0.15896732996953533,0.014467722660545457,0.02059389334739577,0.7557494318197392
2017Q3,2.93,1346.72,19.02,357.46,26.54,256.11,GODREJ,-0.010922007327764272,-0.04957368463819556,0.015474748786059098,0.020164581060693614,1.1283712490205366
2017Q4,2.93,1394.74,21.44,414.01,29.68,299.07,GODREJ,0.023659285676908226,0.11107788234402327,0.013428671185418595,0.01393750925989446,0.6725765755834221
2018Q1,2.89,1329.3,22.2,411.71,30.97,295.13,GODREJ,0.026371470390694762,0.11915727065798531,0.01211815344644683,0.014086476680800741,0.9091731290764999
2018Q2,2.15,1278.54,17.24,310.64,24.3,220.45,GODREJ,0.07597756390912047,0.10609835914377208,0.012180702392044258,0.013381417797072784,1.5659310117003555
2018Q3,2.89,1480.7,19.98,415.16,28.04,295.78,GODREJ,-0.2002670735561315,-0.04454789653761393,0.02335847670939221,0.020154527673648018,0.8552868922853569
2018Q4,3.24,1472.31,22.54,460.83,31.3,331.89,GODREJ,0.08804790850743305,0.05561489622796989,0.01844446828150658,0.023479021083099762,0.7128620053888852
2019Q1,8.87,1325.24,68.43,420.38,31.72,906.86,GODREJ,0.05067800259126165,-0.12987886428596285,0.013527082924599108,0.0169694298146581,0.6397390245792641
2019Q2,2.35,1289.81,18.61,326.34,25.3,240.06,GODREJ,-0.0046534247756034874,-0.035349012500668464,0.017037474967908355,0.014683661697693223,0.7931368770249474
2019Q3,3.27,1490.45,22.45,421.85,28.3,334.57,GODREJ,0.14511833821427755,0.03175784364599754,0.01653224387463033,0.015381515957913794,0.9546591303753919
2019Q4,3.57,1491.8,24.46,463.88,31.1,364.91,GODREJ,-0.05579301920218194,0.009607850404204976,0.016851408826496186,0.016081329655579464,0.6805302963601064
2020Q1,2.35,1089.21,22.07,326.9,30.01,240.35,GODREJ,-0.07074062662647496,-0.23680341298232066,0.04549373843067494,0.03534488598279993,1.1503107082130117
2020Q2,2.66,1358.35,20.0,382.97,28.19,271.66,GODREJ,0.09079425900347715,0.4682254382989419,0.019803645839186028,0.027469868774037277,1.0309881823330986
2020Q3,3.43,1650.43,21.24,486.31,29.47,350.6,GODREJ,0.10141292874090513,0.010665011744428243,0.01578669196806677,0.014860597273778415,1.6032151117514972
2020Q4,3.44,1658.3,21.19,483.56,29.16,351.38,GODREJ,0.04896537262436529,0.020966973637551956,0.011791827780548082,0.013683607643460206,0.9255674957520785
2021Q1,2.45,1466.36,17.1,349.27,23.82,250.7,GODREJ,0.06301001609522827,-0.015516393524195093,0.01728211010652512,0.016949685016597577,1.2772873316883555
2021Q2,3.18,1621.17,20.07,450.1,27.76,325.37,GODREJ,0.024969170188870127,0.22527277444361427,0.01357530870921623,0.03170615537501409,0.9668412567838744
2021Q3,3.48,1809.09,19.69,469.91,25.97,356.26,GODREJ,-0.06313101282721045,0.18345320271764343,0.015084113039540567,0.014394388231301075,1.2013421734367584
2021Q4,3.72,1785.18,21.29,491.52,27.53,380.0,GODREJ,0.04794124746674466,-0.05976320408796276,0.01702044499794561,0.01826076838847965,0.45235690284737295
2022Q1,4.08,1603.88,26.03,441.92,27.55,417.53,GODREJ,-0.026889695243496825,-0.22217011500825423,0.027624252325996895,0.023233519631617884,1.196418664981396
2022Q2,3.12,1813.71,17.62,435.92,24.03,319.53,GODREJ,-0.010772956382263388,0.04087669040373987,0.019874872911756186,0.02164947880226844,0.9190561941638307
2022Q3,3.21,1952.97,16.8,436.99,22.38,328.19,GODREJ,-0.013062375976250817,0.20183481541304715,0.01760116525099064,0.017708171034566747,1.101289851657524
2022Q4,4.48,1974.94,23.21,576.65,29.2,458.46,GODREJ,-0.003647768245273908,-0.03696559906862662,0.013208563576700666,0.013528394308222806,0.7148337966982682
2023Q1,3.98,1789.18,22.78,531.09,29.68,407.51,GODREJ,0.04857581043586179,0.09265849222101985,0.011250085751849201,0.01057829277589763,1.0817039588095443
2023Q2,3.82,1971.12,19.81,601.01,30.49,390.48,GODREJ,0.021401283268337234,0.12416795287677074,0.010778359137463032,0.012693044976952126,1.4498429782615292
2023Q3,4.74,2129.06,22.77,713.72,33.52,484.87,GODREJ,-0.028367217728103022,-0.0827012944601585,0.009810261897046379,0.010234577859663512,1.2782032770769016
2023Q4,4.62,2160.19,21.88,697.29,32.28,472.58,GODREJ,0.12995696156498426,0.1615379892705222,0.010784628354316293,0.011542637961513445,1.216285950554659
2024Q1,-6.85,2007.49,-34.91,-466.21,-23.22,-700.91,GODREJ,-0.0007183225899777268,0.14523610013547406,0.01572617189977708,0.019055905480947013,1.2865437940853475
2024Q2,3.6,2139.54,17.19,596.02,27.86,367.84,GODREJ,0.0586718686200729,0.13470153594175804,0.01949826083937592,0.018913778059849073,1.6211605637009059
2024Q3,3.84,2277.7,17.23,633.84,27.83,392.54,GODREJ,-0.05927627323584017,0.00032188652273790197,0.013964525298273836,0.016320363439726645,1.586921002654568
2024Q4,3.34,2237.15,15.27,575.36,25.72,341.54,GODREJ,-0.13063914603321913,-0.21778152377632698,0.019383281892207362,0.017195562122819415,0.7279072290412694
2016Q1,5.86,1459.69,25.06,453.93,31.1,365.74,HAVELLS,0.17302405308497604,0.07683481725573205,0.01750745074040845,0.021985498171691157,1.3912769422862674
2016Q2,2.33,1466.81,9.92,231.84,15.81,145.58,HAVELLS,0.017650026278159592,0.16086625255714448,0.011435297582782493,0.016676882461674123,0.45891574205739055
2016Q3,2.33,1452.24,10.04,235.69,16.23,145.79,HAVELLS,-0.008769940244618746,0.17093667613633534,0.01225744967367359,0.015631803220853245,1.5364726052179867
2016Q4,2.45,1506.01,10.16,238.3,15.82,152.97,HAVELLS,0.02209918472535355,-0.1836613173339502,0.02419522694571596,0.025822818558168578,0.9062417657091419
2017Q1,1.52,1710.2,5.54,194.78,11.39,94.7,HAVELLS,0.13500663265060098,0.418455908902982,0.014078946925274618,0.015170881798383377,0.7169367860856217
2017Q2,1.94,1860.54,6.52,207.24,11.14,121.38,HAVELLS,-0.04934838861976665,0.00541946840290497,0.022126883605861385,0.018021444208321063,1.0399488240653765
2017Q3,2.74,1777.36,9.62,285.6,16.07,171.02,HAVELLS,-0.010648197147999805,0.050326068663160584,0.013279657995500441,0.0174234282042085,0.9699780325574415
2017Q4,3.11,1965.77,9.89,310.96,15.82,194.36,HAVELLS,0.07841988537226219,0.19150490152738153,0.013935106287478441,0.017547000427450145,0.7426828189580719
2018Q1,3.61,2534.9,8.91,374.39,14.77,225.76,HAVELLS,-0.049117920066967025,-0.11300009731348049,0.011098181209881467,0.01646663961821352,1.0169403370548062
2018Q2,3.37,2596.34,8.1,341.47,13.15,210.4,HAVELLS,-0.0014701875415306098,0.07042931377413608,0.019578734297769223,0.017728364082793418,0.9645047021646397
2018Q3,2.86,2190.99,8.15,296.83,13.55,178.62,HAVELLS,-0.17021444245755235,0.1143503877407055,0.023819653701336593,0.022716282484101423,1.0195795339289064
2018Q4,3.13,2518.43,7.77,327.64,13.01,195.67,HAVELLS,0.002827971335509716,0.06960553838802408,0.01603453440845657,0.02083537022160033,0.9053879460376802
2019Q1,3.21,2753.49,7.29,345.94,12.56,200.62,HAVELLS,0.08217130649580939,0.12308035082087931,0.016663449779534406,0.016654984702909433,0.7267561988793365
2019Q2,2.81,2712.66,6.49,317.59,11.71,176.07,HAVELLS,0.07551817883320777,0.06387439238778025,0.012980645173370185,0.011779348666612762,0.7239368149763605
2019Q3,2.88,2230.55,8.08,264.1,11.84,180.31,HAVELLS,0.07820471589025435,-0.09018608882533485,0.030244921800231906,0.024780033590965554,1.0433830109872788
2019Q4,3.19,2269.87,8.79,292.87,12.9,199.47,HAVELLS,-0.03041411333207167,-0.10086830658455159,0.01442089283708974,0.014767038067353128,0.6976349160192621
2020Q1,2.83,2216.13,8.0,264.84,11.95,177.22,HAVELLS,-0.2110402461589741,-0.2526125722957224,0.03329103764355391,0.025452025055784203,1.0738058918403393
2020Q2,1.01,1479.12,4.28,163.07,11.02,63.34,HAVELLS,0.07245322177327407,0.22347758689349972,0.024471982078598388,0.029578268910773337,0.7172902720931867
2020Q3,5.19,2451.76,13.25,499.91,20.39,324.9,HAVELLS,0.09216147801517915,0.16860618590353904,0.018711612096853802,0.017246424237751946,0.9880662429392938
2020Q4,5.58,3165.85,11.03,547.24,17.29,349.13,HAVELLS,0.11264252889977455,0.35155263379157664,0.016230713042064252,0.0175950755761667,0.5024101234245447
2021Q1,4.83,3331.19,9.07,542.86,16.3,302.27,HAVELLS,-0.0498848402749531,0.15898896093369852,0.022322110538783742,0.030549145324286642,0.6031051237480187
2021Q2,3.74,2598.2,9.02,387.3,14.91,234.3,HAVELLS,-0.04451997397406715,-0.06348773985667,0.01332074638763378,0.017421538055325102,0.5301508902561665
2021Q3,4.81,3221.03,9.36,476.9,14.81,301.56,HAVELLS,0.08250221050320339,0.4008364201585821,0.0208886169733335,0.017992024042197383,0.5388179458071553
2021Q4,4.88,3652.25,8.38,489.14,13.39,305.92,HAVELLS,0.012942823369793244,0.01978586539862781,0.017749650064024413,0.019953453594404452,0.4967572496390067
2022Q1,5.64,4417.05,7.99,564.69,12.78,352.95,HAVELLS,-0.027958073445783826,-0.1730880167126797,0.020219364577672667,0.020312251958023133,0.6777025968859327
2022Q2,3.87,4230.14,5.73,408.37,9.65,242.43,HAVELLS,-0.07422081541077785,-0.04184403102022882,0.018076700999307464,0.018222155986441134,1.2570904722741219
2022Q3,2.98,3668.94,5.09,330.4,9.01,186.87,HAVELLS,-0.02628253186248264,0.2279640184769982,0.016159814076571046,0.016127553782386544,1.1004562540202758
2022Q4,4.53,4119.71,6.89,463.63,11.25,283.94,HAVELLS,-0.12032156060806787,-0.17514052050141604,0.011318373645445776,0.014650119909078895,0.6878720327614234
2023Q1,5.77,4849.59,7.46,577.58,11.91,361.71,HAVELLS,-0.007142673151243395,0.08037814478310379,0.013660584823629956,0.01496619557075801,1.0584334699670497
2023Q2,4.59,4823.7,5.96,467.07,9.68,287.38,HAVELLS,-0.015903549588311527,0.10210534765244828,0.010241980484487205,0.011203425589781938,1.49043478497449
2023Q3,3.97,3891.24,6.4,425.88,10.94,249.1,HAVELLS,0.02585026766745213,0.08274852677043998,0.016785667173480023,0.015406431002922744,0.587149798994884
2023Q4,4.59,4400.62,6.54,488.55,11.1,287.87,HAVELLS,0.062031730694396714,-0.02275340882423682,0.009498630115035227,0.012558681707909225,0.898484284152986
2024Q1,7.16,5434.34,8.26,712.52,13.11,448.86,HAVELLS,0.06386697636850869,0.11508249022358474,0.0177124421370055,0.01672568554044725,0.6346799418611918
2024Q2,6.56,5798.11,7.09,653.23,11.27,411.18,HAVELLS,-0.0344612136293615,0.24437352199117268,0.01920453423764067,0.016582629647281345,1.1369103011593655
2024Q3,4.35,4532.99,6.01,472.78,10.43,272.59,HAVELLS,0.059783602677850434,0.10362409663104621,0.01119254627668163,0.013067592854394326,1.1398913497864234
2024Q4,4.51,4882.5,5.79,495.67,10.15,282.81,HAVELLS,-0.024970853697251716,-0.17535567708072353,0.012600568270465778,0.015511491601843827,0.9952999047183198
2015Q4,4.42,7605.82,12.78,1495.64,19.66,971.66,HUL,0.035217294693485,0.11289960429912149,0.01157479566302342,0.011078921258748282,0.6457138740647368
2016Q1,5.07,7585.0,14.69,1624.0,21.41,1114.0,HUL,0.023061503872230826,0.013521520900336315,0.0164449431597558,0.01687513999648513,1.267231461313275
2016Q2,5.33,7987.0,14.7,1814.0,22.71,1174.0,HUL,0.06234850281133464,0.054334138137343,0.012124969298190177,0.012643196156152284,0.7791282712693791
2016Q3,4.98,7697.0,14.24,1676.0,21.77,1096.0,HUL,-0.061580926575418804,-0.018046950190440003,0.011654962380952484,0.011601146832671017,1.632359700952276
2016Q4,4.72,7512.0,13.82,1591.0,21.18,1038.0,HUL,-0.02564566382076261,-0.06067385638367229,0.0111149351359895,0.011253909705647538,0.9050566606753461
2017Q1,5.38,8100.0,14.6,1733.0,21.4,1183.0,HUL,0.04140513774517429,0.11392817863483073,0.010303671643347645,0.010255230577445238,1.3105885362237077
2017Q2,5.83,8401.0,15.27,1966.0,23.4,1283.0,HUL,0.020895868299712017,0.1936836987989372,0.011806032855100238,0.012694502966545843,1.0359238695760924
2017Q3,5.8,8199.0,15.56,1922.0,23.44,1276.0,HUL,-0.03758973639964769,0.08734711797801542,0.012937577419648408,0.01164277611522409,1.9116934716200662
2017Q4,6.03,8323.0,15.93,1811.0,21.76,1326.0,HUL,0.07185682132258919,0.14462148728433255,0.008780298938960982,0.010923242410795782,1.07598009042017
2018Q1,6.14,9003.0,15.01,2084.0,23.15,1351.0,HUL,3.752426733871772e-05,-0.01094134600072727,0.008846500534016349,0.009346761363847727,0.9837683627687286
2018Q2,6.94,9356.0,16.34,2327.0,24.87,1529.0,HUL,0.026115222508699798,0.2236608415251149,0.010697825418202824,0.012057168524603923,1.0988472999491241
2018Q3,6.93,9138.0,16.69,2289.0,25.05,1525.0,HUL,-0.09191497220294087,-0.0005592528525485418,0.017976184772967977,0.016179782799873706,0.9218979969377579
2018Q4,6.56,9357.0,15.43,2090.0,22.34,1444.0,HUL,0.028922939856724117,0.136138535017569,0.015558220807389516,0.015827960934442043,0.7730206161188383
2019Q1,6.99,9809.0,15.68,2368.0,24.14,1538.0,HUL,-0.04872467182363638,-0.060113744489733056,0.008226933395733228,0.008646548787112374,1.0536819886775723
2019Q2,7.98,9984.0,17.58,2801.0,28.05,1755.0,HUL,0.011045121611232611,0.07567585367302532,0.011219159692063156,0.010338281251237964,0.8765567543053925
2019Q3,8.4,9708.0,19.04,2576.0,26.53,1848.0,HUL,0.08415842429915577,0.11696918251921562,0.0199434187303294,0.01614191945071762,1.3026810265060134
2019Q4,7.35,9696.0,16.67,2486.0,25.64,1616.0,HUL,-0.05517620252852018,-0.04984518660774051,0.009571516035667894,0.01010440199243813,0.6502948946297412
2020Q1,6.91,8885.0,17.1,2273.0,25.58,1519.0,HUL,0.05690306358967834,0.19526787668705836,0.041147175507389826,0.03127187645347095,1.099105380912389
2020Q2,7.88,10406.0,18.08,2682.0,25.77,1881.0,HUL,0.04094170417090326,0.05111127384949321,0.011878079932366559,0.027524321319620997,1.0019259619401693
2020Q3,8.41,11276.0,17.82,2939.0,26.06,2009.0,HUL,-0.043207685508638405,-0.04444318798862257,0.011482994457310325,0.011542743175002642,1.1485986166077176
2020Q4,8.05,11682.0,16.44,2909.0,24.9,1921.0,HUL,0.12299265834919093,0.16567437035871424,0.013462692398695447,0.012339607966341638,0.7696055931191503
2021Q1,8.97,11947.0,17.94,3080.0,25.78,2143.0,HUL,0.14045154770666413,0.01979600605859977,0.016732713453599866,0.015414636939766685,1.0065551640643606
2021Q2,8.63,11730.0,17.57,2888.0,24.62,2061.0,HUL,0.055498030061404746,0.0738950492976509,0.009257378721515379,0.011821793002454449,0.7465862565064366
2021Q3,9.16,12516.0,17.47,3245.0,25.93,2187.0,HUL,-0.00818616443871334,0.0932708248542451,0.014210431246442104,0.012177331288547496,0.8238279855186553
2021Q4,9.39,12900.0,17.39,3304.0,25.61,2243.0,HUL,-0.009713544365949733,-0.12108444101740834,0.010875265626458576,0.011025206100989416,0.6809697515332257
2022Q1,9.74,13190.0,17.64,3425.0,25.97,2327.0,HUL,-0.05683440873183376,-0.11192756701830298,0.019709770238555493,0.017124080032506258,0.7647664180012426
2022Q2,9.58,14016.0,16.33,3372.0,24.06,2289.0,HUL,-0.025192842431565055,0.11627255411379167,0.01735531901848306,0.017689842357862275,0.9390607822246286
2022Q3,10.95,14514.0,18.02,3464.0,23.87,2616.0,HUL,0.03470838543096977,0.2088451113086538,0.011665354939268836,0.013118238957830193,1.2097455467110902
2022Q4,10.5,14986.0,16.72,3663.0,24.44,2505.0,HUL,-0.038229738195166174,-0.04529309058656583,0.012650417239011074,0.012604406883901121,0.6516068969866793
2023Q1,10.68,14638.0,17.43,3711.0,25.35,2552.0,HUL,0.04051780997798193,-0.002998236313854763,0.010016036882690819,0.011985490492951256,1.3448437470493884
2023Q2,10.35,14931.0,16.56,3669.0,24.57,2472.0,HUL,0.012173458315964059,0.08044148734124956,0.007993871482587341,0.009140765796365684,0.8394660800695044
2023Q3,11.37,15027.0,18.08,3972.0,26.43,2717.0,HUL,-0.02620504642701127,-0.07936439394735506,0.006994370782261859,0.008898258723502894,0.8446460405421068
2023Q4,10.54,14928.0,16.87,3795.0,25.42,2519.0,HUL,0.055008783898985,0.08251012496748866,0.007838639057608055,0.007890471996365354,0.7183111630935661
2024Q1,10.08,14693.0,16.38,3638.0,24.76,2406.0,HUL,-0.058188586223970606,-0.12395784732952242,0.009042286972984582,0.013149740643589135,1.4884118213088986
2024Q2,10.62,15166.0,16.73,3815.0,25.15,2538.0,HUL,0.05213776311566565,0.10662027353458514,0.016742346013895265,0.01502068564675767,0.7799320389659196
2024Q3,10.94,15319.0,17.05,3940.0,25.72,2612.0,HUL,0.06490290650721398,0.1809108919242135,0.012423680354884547,0.010927996862112516,1.0325030501567227
2024Q4,12.56,15195.0,19.75,4391.0,28.9,3001.0,HUL,-0.06782427539714708,-0.20643083997295875,0.011834270883246189,0.013093194834010594,0.604715728677574
2015Q4,1.96,8792.99,28.47,4123.59,46.9,2503.76,ITC,-0.053285157783054315,0.016276356762340516,0.017367504511765167,0.017300711103064435,0.5540719597313454
2016Q1,1.24,9756.7,24.4,3976.28,40.75,2380.68,ITC,0.12820075728104685,0.0104664903494458,0.024034241304545446,0.019345498147796267,1.0262639388717398
2016Q2,1.24,9957.66,23.95,3946.75,39.64,2384.67,ITC,0.019369080785446746,0.15374645309000634,0.016656306813152503,0.016591232234476422,1.1316162177129694
2016Q3,1.96,9535.47,26.22,4105.38,43.05,2500.03,ITC,-0.06198986485411084,-0.011670887675479191,0.011722711552783552,0.012532140735089852,1.2399879531623224
2016Q4,2.06,9149.31,28.93,4234.33,46.28,2646.73,ITC,0.034903756028550115,-0.021461815050672906,0.01581822849230394,0.016255644368523964,1.4080127760251562
2017Q1,2.08,10999.47,24.27,4277.49,38.89,2669.47,ITC,0.04394774249897404,0.18771174739862584,0.014559731480569592,0.01448759105140253,0.8711153598755643
2017Q2,2.0,9876.45,25.93,4223.17,42.76,2560.5,ITC,0.05429834506273057,0.1607706980958521,0.017813717104742402,0.016384166294062707,0.8908252819525896
2017Q3,2.05,10226.41,25.81,4255.72,41.61,2639.84,ITC,-0.0848540148803485,-0.20191576358597374,0.010678697147782471,0.02035391703949488,1.3084707983532937
2017Q4,2.4,9672.57,31.95,4944.32,51.12,3090.2,ITC,0.020151302627551715,0.006499891258789914,0.01060035840841018,0.009653482183925552,0.924032668723771
2018Q1,2.28,10479.24,27.99,4660.51,44.47,2932.71,ITC,-0.04145558388116943,-0.03274646792080271,0.011710042207086806,0.011832972437369091,1.026165258023346
2018Q2,2.19,10722.22,26.29,4605.97,42.96,2818.68,ITC,-0.020062526358468613,0.05124050259452839,0.009573854129698687,0.011441036523552248,1.3360415650773252
2018Q3,2.29,11094.89,26.63,4710.09,42.45,2954.67,ITC,-0.044601167535294195,0.13320630365012165,0.014287520915759947,0.014813002746658836,1.2483008696255389
2018Q4,2.48,11340.15,28.3,5162.16,45.52,3209.07,ITC,-0.020518297135174834,-0.03922905372222152,0.012144996034846313,0.014233460784652034,0.9916972912735496
2019Q1,2.69,12064.15,28.86,5311.83,44.03,3481.9,ITC,0.08420674522044669,0.08440263676069937,0.009645636933401949,0.01142824483337696,0.656944909664376
2019Q2,2.45,11361.35,27.94,5185.85,45.64,3173.94,ITC,-0.04946201962713448,-0.053373016332878276,0.012736623009380157,0.011951277285402163,0.9801524945886361
2019Q3,3.1,11538.02,34.87,5216.7,45.21,4023.1,ITC,0.05651551534675314,-0.04990860436645894,0.019441782434816972,0.016314361357083532,1.2013417080112465
2019Q4,3.19,11704.79,35.39,5464.18,46.68,4141.93,ITC,-0.03530830061440049,-0.050718780265059826,0.010687873314513216,0.012012497252743228,0.8713117474042902
2020Q1,2.92,10722.29,35.41,4919.07,45.88,3797.08,ITC,-0.13085305263032854,-0.2776610402591062,0.04825829777230737,0.038050478537631896,1.2864502440180787
2020Q2,1.81,8845.18,26.49,3543.4,40.06,2342.76,ITC,-0.02941908729732945,0.32100451790182327,0.02554418987749419,0.02775376712595764,1.9223837216463238
2020Q3,2.5,11225.24,28.98,4698.53,41.86,3252.62,ITC,-0.09726598649201157,-0.12846646474025925,0.013366706121405536,0.013257720059301755,0.8251514245791766
2020Q4,2.84,11880.27,31.04,5286.54,44.5,3687.88,ITC,0.07510277350869199,0.21723925475726835,0.0164651049559833,0.015563096065574216,0.6541004657431292
2021Q1,2.88,13161.11,28.48,5245.01,39.85,3748.41,ITC,0.07186636242205835,0.05829962772309405,0.014485867610528842,0.018593852368450178,0.8624237127098111
2021Q2,2.32,12142.43,24.82,4421.15,36.41,3013.49,ITC,-0.03107647258378421,-0.011091750770941822,0.009110071697185782,0.011988628376235965,0.57912538605417
2021Q3,2.84,12533.6,29.5,5292.03,42.22,3697.18,ITC,0.1176053542664266,0.16502228480152237,0.015444018385000478,0.013404838277105074,0.6860203773967176
2021Q4,3.19,15689.29,26.49,5912.01,37.68,4156.2,ITC,-0.032823419204139004,-0.07664636532681657,0.01774079671729576,0.020216601993688913,0.481974084719413
2022Q1,3.22,15331.48,27.34,5898.44,38.47,4190.96,ITC,0.1612228723515028,0.18417650221292714,0.014368198723248208,0.014106956501769645,0.7961123790569365
2022Q2,3.2,17133.05,24.34,5960.21,34.79,4169.38,ITC,0.006069584191574107,0.12427168417483148,0.011058374562096959,0.015015853213442667,0.8917584286710339
2022Q3,3.42,15941.53,28.02,6371.23,39.97,4466.06,ITC,0.0459697999718689,0.21462517509766776,0.0136996917640169,0.010800487635150248,1.086871666928111
2022Q4,3.84,16082.4,31.28,7094.94,44.12,5031.01,ITC,-0.023560637020644037,-0.004503755829757372,0.009592039732954567,0.010378761235535007,0.861279940532023
2023Q1,3.88,16115.9,31.56,7028.57,43.61,5086.86,ITC,0.01805141073793748,0.16232248850250297,0.0088887076056396,0.01228942584104152,0.88761636365165
2023Q2,3.73,15675.64,31.28,6958.8,44.39,4902.74,ITC,0.013692552259049418,0.21447567239733112,0.00936773896718583,0.010044157997096495,0.7268118983574954
2023Q3,3.75,16393.74,30.05,6937.23,42.32,4926.96,ITC,0.003613253457767085,-0.015943376408425802,0.00931025303714554,0.011365916470933405,0.7689723045668078
2023Q4,3.84,15532.81,35.87,7026.19,45.23,5572.07,ITC,0.056953199482612904,0.04441167681767766,0.010892625032981027,0.009734824969192576,1.0291339981565564
2024Q1,3.8,15557.96,32.27,6820.84,43.84,5020.2,ITC,0.04679862298625226,-0.047240326481761796,0.013455333352782367,0.012957023189564078,0.9634857402896747
2024Q2,3.76,16237.03,30.29,6882.83,42.39,4917.45,ITC,0.004134914121288302,0.009640610732681854,0.010787929635336695,0.011372437529632509,0.9748443041487209
2024Q3,4.23,18476.61,27.49,7099.48,38.42,5078.34,ITC,0.032376998285578384,0.20766809704074696,0.009157454303875797,0.012215436767295425,1.0211983805616756
2024Q4,4.27,16818.04,33.53,7659.85,45.55,5638.25,ITC,0.014472952900010938,-0.07470827132710178,0.011380866458154983,0.011264850743945403,0.9260436768223342
2016Q1,1.17,1030.77,14.03,232.51,22.56,144.64,MARICO,0.03271434363105352,0.10499770262516117,0.018101958239282494,0.017441829488189026,0.825600659049388
2016Q2,1.83,1452.45,16.17,336.07,23.14,234.88,MARICO,0.04790312920431594,0.06634306519878397,0.012597567660585165,0.015977158124403243,1.090421392886794
2016Q3,1.39,1157.21,15.48,255.59,22.09,179.13,MARICO,-0.04057097298712864,0.06288602925718267,0.015790118078623756,0.016180312782646068,1.12173062695523
2016Q4,2.09,1137.64,23.32,371.18,32.63,265.3,MARICO,0.02017255672361995,-0.0794152348130096,0.013999136342762801,0.017673841432832748,0.7226949828653826
2017Q1,1.27,1103.46,14.81,255.55,23.16,163.37,MARICO,0.05718935515310264,0.18055833749148387,0.013200526545451396,0.012774721392355663,1.1224549964885093
2017Q2,1.54,1372.78,14.42,273.17,19.9,198.02,MARICO,0.0011147262371302702,0.05239354399392093,0.010754439543554112,0.012838417872594031,0.6311560937248601
2017Q3,1.25,1246.28,12.86,229.41,18.41,160.31,MARICO,-0.014899426179810882,-0.011452027253188168,0.011002056093434688,0.01137933955926801,0.7653435692313475
2017Q4,1.86,1337.59,17.95,324.46,24.26,240.11,MARICO,0.03731085017314939,0.04131041711276162,0.009874289907873398,0.0125458499702808,0.6040396772030192
2018Q1,0.93,1214.0,9.88,201.0,16.56,120.0,MARICO,0.061188090239707504,0.030896173102152646,0.014730488680482313,0.014559731817209945,1.032484664631218
2018Q2,1.66,1685.0,12.7,305.0,18.1,214.0,MARICO,0.030448774667588774,0.010050142888114122,0.014576717519712455,0.014920985685554793,1.0065110093014127
2018Q3,1.74,1496.0,15.04,316.0,21.12,225.0,MARICO,-0.10349932280171603,-0.007893916554654101,0.017637622204101925,0.016260644651511964,1.1338424302583234
2018Q4,2.03,1500.0,17.4,366.0,24.4,261.0,MARICO,0.03722225733084583,0.10570082309507844,0.017262929492168597,0.019800923374905997,0.7611157117297105
2019Q1,3.33,1290.0,33.33,315.0,24.42,430.0,MARICO,-0.007204835326201975,-0.07496486991233287,0.013786539605109149,0.012140383423891567,1.0368019450245085
2019Q2,1.95,1777.0,14.12,356.0,20.03,251.0,MARICO,0.009948210949204173,0.10843568588051733,0.008878609143061598,0.013524522337371489,0.6950812082415401
2019Q3,2.01,1454.0,17.81,363.0,24.97,259.0,MARICO,0.008440872500017127,0.06309831648943076,0.011240403775202433,0.010753099181907116,1.1438798784739008
2019Q4,2.09,1434.0,18.83,362.0,25.24,270.0,MARICO,-0.05084729987184422,-0.11323068789142055,0.01226153177270745,0.013474030578471328,1.2617504480760984
2020Q1,1.75,1188.0,18.86,321.0,27.02,224.0,MARICO,-0.07734529542851076,-0.1845773909523486,0.031344451248686546,0.02530186388293895,0.8558124196688754
2020Q2,1.97,1516.0,16.82,351.0,23.15,255.0,MARICO,0.03973994225539901,0.41809403569566417,0.013573485527000254,0.022987053658267576,0.9926933113005437
2020Q3,2.42,1550.0,20.26,392.0,25.29,314.0,MARICO,-0.028112429185740417,0.012552358348832726,0.013707480457445388,0.01302460217496891,1.5569149650373844
2020Q4,2.29,1667.0,17.58,381.0,22.86,293.0,MARICO,0.0771802573669298,0.11826141558145209,0.015525783760854993,0.014691338579316246,0.5940476916209461
2021Q1,1.88,1604.0,15.21,315.0,19.64,244.0,MARICO,0.04631981490316517,0.021147492058402273,0.01346073128952079,0.012499374572202012,0.665175672590913
2021Q2,2.04,2043.0,12.87,370.0,18.11,263.0,MARICO,0.10422289633948756,0.3208907638763061,0.015785790096825267,0.01907683765028907,1.4547868970606566
2021Q3,2.55,1916.0,17.17,424.0,22.13,329.0,MARICO,0.005602098792337085,0.03146213761949812,0.015526048076184613,0.013519428510134839,0.6769779216733596
2021Q4,2.16,1855.0,14.99,373.0,20.11,278.0,MARICO,-0.037909302301798564,-0.058590387875681604,0.011533483824238472,0.012057220368796853,0.573031201367365
2022Q1,2.27,1686.0,17.38,373.0,22.12,293.0,MARICO,-0.021371735622124688,0.01605419023852206,0.01937723467082454,0.017384899433508835,1.0198944141876738
2022Q2,3.0,1976.0,19.59,514.0,26.01,387.0,MARICO,-0.08140312620536572,-0.02469379051224485,0.015450608635595576,0.018035773505831743,0.8542073308529232
2022Q3,2.58,1909.0,17.5,439.0,23.0,334.0,MARICO,0.02136357625348584,0.12544457588931013,0.014912997489962524,0.013661494771461658,1.6044050892830004
2022Q4,1.98,1891.0,13.43,375.0,19.83,254.0,MARICO,0.016650116996926645,-0.053027542165131836,0.0119230727818883,0.013234404081060037,0.3573766482934883
2023Q1,1.58,1702.0,11.99,309.0,18.16,204.0,MARICO,-0.015757239381427146,-0.060634354638378296,0.008891693984162232,0.009705793108741704,1.1759979716835351
2023Q2,2.38,1841.0,16.68,440.0,23.9,307.0,MARICO,-0.022281681982662116,0.10672224666172725,0.012320704987664162,0.014912716805717267,1.250750138221233
2023Q3,1.99,1791.0,14.41,377.0,21.05,258.0,MARICO,-0.016633166662062493,0.057820896256877585,0.011380795294714698,0.013581758432869769,0.924596862040848
2023Q4,2.2,1733.0,16.39,399.0,23.02,284.0,MARICO,0.04079690112794743,-0.05288663213481837,0.0119267562853567,0.012139049393534131,0.9743083294756548
2024Q1,1.77,1637.0,13.99,325.0,19.85,229.0,MARICO,-0.04211522222117425,-0.04899028236865455,0.01019089268657807,0.011464168477055923,0.7708092999994687
2024Q2,2.41,1886.0,16.49,446.0,23.65,311.0,MARICO,0.012470032964506661,0.23154199644172868,0.017600848006272776,0.019878644110712985,0.5981243068950586
2024Q3,4.1,1860.0,28.44,647.0,34.78,529.0,MARICO,0.07455769995742512,0.12070921125919654,0.01310283630781257,0.017137256138943943,1.6714342127750386
2024Q4,2.85,1988.0,18.56,480.0,24.14,369.0,MARICO,-0.008450416236760017,-0.07646764279069262,0.01569922039594563,0.016360653491711365,0.5082614202374047
2015Q4,0.95,1946.44,9.41,355.59,18.27,183.19,NESTLE,-0.005944055697690187,-0.05921486374324092,0.012610997006811455,0.014108359109529522,0.40521402036684
2016Q1,1.49,2276.99,12.62,568.17,24.95,287.32,NESTLE,0.12641848507148135,-0.01401760229952631,0.015722635755939622,0.014947583078075513,1.267918782137038
2016Q2,1.25,2233.23,10.76,469.74,21.03,240.22,NESTLE,0.01589008864002639,0.19061738955299012,0.01543457396278646,0.0186154001555045,1.13828763682179
2016Q3,1.44,2325.19,11.97,520.71,22.39,278.41,NESTLE,-0.038085546109156265,-5.2198464302044556e-05,0.01097376008804868,0.012646047263316706,0.9918287802676796
2016Q4,1.01,2240.96,8.72,431.34,19.25,195.41,NESTLE,-0.0382594513222404,-0.06337421106570085,0.01118978782007264,0.014890592724676233,0.6664027032744116
2017Q1,1.59,2475.68,12.39,558.95,22.58,306.76,NESTLE,0.06883555439136457,0.11823140021001244,0.0092082359900921,0.01024880342138858,1.2155942404588052
2017Q2,1.37,2386.54,11.04,502.9,21.07,263.43,NESTLE,0.013799791016484875,0.043589795312440005,0.008361645736763377,0.011540824800447934,0.9435797469328455
2017Q3,1.78,2500.67,13.72,627.04,25.07,343.17,NESTLE,0.013375667742860031,0.07360835895219542,0.016913928634306814,0.013168430215009715,0.7230819336528173
2017Q4,1.62,2589.64,12.04,584.56,22.57,311.83,NESTLE,0.05237778340008026,0.10735115628336644,0.008640412817474533,0.009455265111565728,0.5082058107862113
2018Q1,2.2,2736.84,15.49,753.28,27.52,424.03,NESTLE,0.07584005084731094,0.047908261102618255,0.013154639952688651,0.012209946761729288,1.0630600402860606
2018Q2,2.05,2678.57,14.75,705.27,26.33,395.03,NESTLE,0.01616955240989504,0.18599826861566626,0.01306287747682656,0.01578522211633893,1.4051827601880247
2018Q3,2.31,2921.99,15.27,792.23,27.11,446.11,NESTLE,-0.14360210061482936,-0.02818593478749165,0.02080313260877292,0.0190045045128934,0.9831358517000734
2018Q4,1.77,2878.83,11.87,625.79,21.74,341.76,NESTLE,0.050041588894644606,0.1447026417725772,0.01519359901513052,0.015691024675417782,0.62944546670547
2019Q1,2.4,2982.39,15.52,825.89,27.69,462.74,NESTLE,0.02229125727566661,0.028138357361074062,0.01594070564204391,0.015361886719087583,1.0905014283637353
2019Q2,2.27,2982.83,14.68,785.27,26.33,437.79,NESTLE,0.06305553236550909,0.13656093628646881,0.012180601330515704,0.012325634824831337,1.0300725460226936
2019Q3,3.09,3199.31,18.61,822.82,25.72,595.27,NESTLE,0.10962749852331632,0.1973329792566052,0.01916266449505631,0.01631359845506809,2.059619372925256
2019Q4,2.45,3130.74,15.1,738.78,23.6,472.64,NESTLE,0.02689630771987761,0.06516933752709031,0.011363720960277551,0.011989557931585794,0.6308910373453844
2020Q1,2.73,3305.78,15.89,836.16,25.29,525.43,NESTLE,0.033066449734543646,0.1024833633014901,0.0360635928713739,0.02797738690485384,1.2662160681108658
2020Q2,2.52,3041.45,16.0,785.49,25.83,486.6,NESTLE,0.0031770146843554947,0.19343149468192755,0.013930806539506293,0.026281579585044283,1.0629534638434244
2020Q3,3.04,3525.41,16.65,918.06,26.04,587.09,NESTLE,-0.01717933103493474,-0.04653616866613697,0.014794439889021576,0.012785019114403025,0.8056751008040756
2020Q4,2.51,3417.52,14.14,807.64,23.63,483.31,NESTLE,0.055809754807514045,0.1644473525734964,0.015184691700780416,0.017026056147055744,0.6105598405640391
2021Q1,3.12,3600.2,16.73,959.52,26.65,602.25,NESTLE,0.06605538816193035,-0.06009273531198667,0.014605167920603913,0.012315319753057356,0.7911062817921491
2021Q2,2.79,3462.35,15.56,877.47,25.34,538.58,NESTLE,-0.007067077068604766,0.06982834944474425,0.009411581996679476,0.011162731008415734,0.8118416234522976
2021Q3,3.2,3864.97,15.97,981.65,25.4,617.37,NESTLE,-0.0011403358391066654,0.10279309513325452,0.013780056830197417,0.012014490433261932,0.5822695469590835
2021Q4,1.97,3714.86,10.22,649.55,17.49,379.48,NESTLE,0.010382922640087777,0.019375787375973896,0.010108595868810395,0.010174554418611394,0.6344682626145628
2022Q1,3.06,3962.84,14.91,942.39,23.78,590.77,NESTLE,-0.01466060680138248,-0.10407915713070848,0.013819093331428198,0.012671180385334503,0.9538527111089178
2022Q2,2.65,4015.98,12.71,833.9,20.76,510.24,NESTLE,0.013249951707502428,0.01493329958742251,0.013353658176747092,0.014193703868058275,0.8579442308994712
2022Q3,3.43,4577.44,14.45,1034.72,22.6,661.46,NESTLE,-0.02980549573443425,0.09586722790437507,0.010115925724284113,0.0115791559120762,1.517768935616519
2022Q4,3.26,4233.27,14.84,1002.56,23.68,628.06,NESTLE,-0.02212025343615298,0.0391764869180371,0.010264569162240443,0.011979864316119733,0.585223201257756
2023Q1,3.82,4808.4,15.32,1129.17,23.48,736.64,NESTLE,0.05540959650292088,-0.005225368301689626,0.01274323047818702,0.010522905499620679,0.8755135540639909
2023Q2,3.62,4619.5,15.12,1079.47,23.37,698.34,NESTLE,0.05634642109572763,0.21798406446181118,0.008936055441132821,0.010253984609025626,0.566159478862448
2023Q3,4.71,5009.52,18.13,1364.56,27.24,908.08,NESTLE,0.013892679688400689,-0.016921397797069693,0.0076319761833845414,0.008348144898074596,0.8121677004403791
2023Q4,3.53,4583.63,14.3,1018.12,22.21,655.61,NESTLE,0.10440639898596227,0.16209977471837078,0.01197871713014851,0.012497206495482131,1.0838344865433494
2024Q1,4.85,5254.43,17.78,1386.88,26.39,934.17,NESTLE,0.014880713190897454,0.028772073501162954,0.012077337424898383,0.01301126874406048,1.2970764576226668
2024Q2,3.87,4792.97,15.58,1153.45,24.07,746.6,NESTLE,0.030470029248105712,-0.008451776226925056,0.013207755719587592,0.013911421357816716,0.7841670440639705
2024Q3,5.12,5074.76,19.44,1465.41,28.88,986.36,NESTLE,0.0756572092729555,0.0519904142456622,0.010090862225459154,0.009940071834985485,1.0817927005639443
2024Q4,3.61,4762.13,14.62,1107.13,23.25,696.13,NESTLE,-0.02890832130186327,-0.20965505503397008,0.008943800085363333,0.01098358224607245,0.7170749206815438
2015Q4,46.63,439.32,11.84,83.47,19.0,52.01,PAGE,0.03479462159730362,0.0016372888056777057,0.015359924827713997,0.016635746304034964,0.5769369444041526
2016Q1,50.8,440.55,12.86,93.57,21.24,56.67,PAGE,0.21054623042351106,-0.07093403021840117,0.022974677303138603,0.02386056883637565,1.3091773769827617
2016Q2,60.92,568.57,11.95,115.11,20.25,67.95,PAGE,-0.02117623850025485,0.2420554475718928,0.015628458322045378,0.01814223365400278,0.7986634479510127
2016Q3,61.57,534.39,12.85,113.66,21.27,68.67,PAGE,0.018054363947427765,0.08387310846407647,0.014523750583262435,0.01801990696268169,1.5327357006045157
2016Q4,56.38,528.26,11.9,101.13,19.14,62.88,PAGE,0.04940353812698217,-0.10830523076457688,0.026162746310285884,0.026409105220034257,1.0025996347620583
2017Q1,59.88,497.32,13.43,107.65,21.65,66.79,PAGE,0.010446024007211063,0.06126913420062707,0.010813072899406962,0.011479025458971176,1.3137041658557806
2017Q2,76.47,696.23,12.25,140.53,20.18,85.3,PAGE,0.16686908215819884,0.13064625335645075,0.01912899226729635,0.01707682542064145,0.6436171544450843
2017Q3,75.36,625.71,13.43,133.33,21.31,84.06,PAGE,0.03888223884925779,0.10328438910771065,0.01274395073275908,0.0166120106385209,1.109801735806991
2017Q4,74.77,621.03,13.43,134.19,21.61,83.4,PAGE,0.13079983874504042,0.3894929937687368,0.02418392611500341,0.023353656497819203,0.9456617941360512
2018Q1,84.48,608.4,15.49,154.09,25.33,94.22,PAGE,0.01621927731229511,-0.0795881096749631,0.022314560025154872,0.023689149927600635,0.9264150548159377
2018Q2,111.56,815.26,15.26,196.45,24.1,124.44,PAGE,0.10278793539098441,0.25375799263569476,0.02028502979971437,0.018518748685241136,1.2764357572199243
2018Q3,83.05,690.76,13.41,153.65,22.24,92.63,PAGE,-0.08667591249321205,0.18332203710657846,0.02118941683792466,0.020811955866430015,0.4116061897688168
2018Q4,91.35,738.32,13.8,174.75,23.67,101.89,PAGE,-0.0008490415907644877,-0.2263990379235532,0.026956780616158516,0.028704162715283237,0.7795119160254022
2019Q1,67.23,607.86,12.34,128.38,21.12,74.98,PAGE,0.10237511666827359,0.03262663973366209,0.024624089019387545,0.02218356204185371,0.8647503626591672
2019Q2,99.22,834.96,13.25,192.11,23.01,110.67,PAGE,0.042412213740458116,-0.13506939963437625,0.028480707904884398,0.024052324444046404,0.29754962738986135
2019Q3,102.66,775.42,14.77,154.8,19.96,114.51,PAGE,0.24672835477484933,0.09393335206710174,0.035740810329030905,0.029269626516489927,1.0916949828975226
2019Q4,78.02,793.8,10.96,142.27,17.92,87.02,PAGE,0.060954689354499214,0.06468399506592859,0.016660177272410655,0.018551254349889783,1.117537641982918
2020Q1,27.82,541.29,5.73,68.04,12.57,31.02,PAGE,-0.23402036770531343,-0.27298022140001943,0.028130621223369144,0.02493822260809937,1.012410835772894
2020Q2,-35.46,284.83,-13.89,-28.66,-10.06,-39.55,PAGE,0.021101628839361508,0.19898116990361392,0.030058365855786088,0.025178848989961884,1.4813944762338689
2020Q3,99.4,740.31,14.98,169.07,22.84,110.87,PAGE,0.1131748518056237,0.03463583824345684,0.028802265278302278,0.021994588224675923,1.4481508798704266
2020Q4,137.8,927.06,16.58,230.29,24.84,153.7,PAGE,0.20421260338976088,0.2998703482720373,0.020577960039829618,0.019221041354663,0.6140849730424199
2021Q1,103.61,880.77,13.12,175.37,19.91,115.56,PAGE,0.07952547934470822,0.1069620883650717,0.026916091143382705,0.025836166242519453,0.9507577451756023
2021Q2,9.82,501.54,2.18,37.76,7.53,10.95,PAGE,-0.049376241972253765,-0.017209378754215132,0.01384472390832415,0.01656092556862083,0.5599669428070734
2021Q3,143.88,1084.01,14.81,238.79,22.03,160.49,PAGE,0.006533401381989323,0.07569840236138736,0.012607933249366411,0.016439206342756172,1.324064154963095
2021Q4,156.51,1189.8,14.67,257.87,21.67,174.57,PAGE,0.05667455987659076,0.2795902116777491,0.017398576910686553,0.01997157588984377,0.75186368162438
2022Q1,170.81,1111.11,17.15,272.02,24.48,190.52,PAGE,0.022083160273620228,0.08410603398386352,0.018064275827295372,0.021828656757620458,0.8617662489417769
2022Q2,185.62,1341.27,15.44,301.1,22.45,207.04,PAGE,-0.08969659562299004,-0.041057768229381564,0.02025158825168631,0.019902208244129173,1.1016986980781154
2022Q3,145.36,1228.21,13.2,240.53,19.58,162.13,PAGE,0.0011865534669230904,0.2629342462647155,0.01763698925410453,0.015318599984480546,1.222079728338421
2022Q4,110.93,1200.01,10.31,194.4,16.2,123.73,PAGE,-0.09942717826421332,-0.13617687567222403,0.014188407182799533,0.014008101572698429,1.2143059644531675
2023Q1,70.24,964.59,8.12,141.45,14.66,78.35,PAGE,-0.0017474549159518515,-0.12255449798698592,0.012558681445650512,0.011357253544110121,2.059036341363822
2023Q2,141.98,1229.07,12.88,243.75,19.83,158.36,PAGE,-0.02761115891591892,0.005598336793654735,0.018379570732172574,0.016328463682237747,0.40445756003120603
2023Q3,134.73,1125.13,13.36,235.21,20.91,150.28,PAGE,-0.01836657129348851,0.03725149100819203,0.013737569809174887,0.012278000389510123,1.393565766614853
2023Q4,136.59,1225.55,12.43,235.2,19.19,152.35,PAGE,0.031027629636716236,-0.013644956057187518,0.008679406269134736,0.010139327461382408,0.8710724597608249
2024Q1,97.01,992.48,10.9,178.06,17.94,108.2,PAGE,-0.0442239872304524,-0.08035840876860378,0.014929594864087561,0.014520141587339379,1.0509267089896972
2024Q2,148.13,1277.52,12.93,256.25,20.06,165.22,PAGE,0.07502857095557491,0.13856326023554666,0.01983677754364534,0.017631705544196907,0.7458607160776121
2024Q3,175.06,1246.27,15.67,296.01,23.75,195.26,PAGE,0.009022651224074307,0.106970314996643,0.014156499971824412,0.013819613767875636,1.0880621350733422
2024Q4,183.48,1313.05,15.59,316.56,24.11,204.66,PAGE,0.0642738273614869,0.13657519554068198,0.012977409414568791,0.016547125117421815,0.7006067483442208
2015Q4,1.02,385.67,6.33,54.67,14.18,24.41,RELAXO,0.012949475601656824,-0.04632842069044618,0.01277417480753901,0.014472737479965135,0.5825987495844397
2016Q1,1.37,484.61,6.77,67.63,13.96,32.82,RELAXO,-0.05239894752276841,-0.28464872516246675,0.018406731994852765,0.02052969757099185,1.8545076670693172
2016Q2,1.54,405.19,9.13,73.01,18.02,36.98,RELAXO,0.11681264338445652,0.37326260581976256,0.01889764544474431,0.02397232937461053,0.8420561407602305
2016Q3,1.13,390.11,6.91,55.75,14.29,26.96,RELAXO,-0.029282715661127057,-0.10033471386382842,0.020378547730679215,0.018511181016594366,0.8447057900573763
2016Q4,1.01,366.15,6.65,52.6,14.37,24.34,RELAXO,-0.042064029091715915,-0.12657538440664284,0.019403427938042925,0.015888988848259938,0.6942908717658303
2017Q1,1.32,469.7,6.74,63.16,13.45,31.67,RELAXO,0.1508997910447265,0.23130092275263414,0.018443083313876327,0.018161523145252004,1.1697557781773262
2017Q2,1.56,482.96,7.73,71.67,14.84,37.35,RELAXO,0.030355103092378766,0.002818705229663321,0.01509192745241823,0.013405727639060816,0.4025650177852721
2017Q3,1.34,459.85,6.98,62.96,13.69,32.08,RELAXO,0.03160882902161233,0.09507759075267885,0.014970416150567037,0.015594666365854869,0.8567024971336322
2017Q4,1.59,457.05,8.35,73.51,16.08,38.18,RELAXO,0.11196761762041718,0.3157331936584076,0.021845937864210394,0.0222024470235342,0.2686831578319786
2018Q1,2.23,550.35,9.71,98.41,17.88,53.46,RELAXO,0.04695893970417697,-0.04683451032026098,0.012002080014539323,0.014730786616012464,0.5460668615915736
2018Q2,1.91,561.98,8.18,85.3,15.18,45.95,RELAXO,-0.032087727553073875,0.05200771751208322,0.017491036620912927,0.015622812030477166,0.8284211971921029
2018Q3,1.64,543.13,7.27,79.81,14.69,39.46,RELAXO,-0.13042686618109123,0.0345863138264757,0.015786673176239663,0.014666942462469766,1.2276174668921105
2018Q4,1.44,551.27,6.46,75.64,13.72,35.62,RELAXO,-0.031520644785359986,-0.04115140041412979,0.009807808278023696,0.01280571678592501,0.8122807414616481
2019Q1,1.1,635.7,8.56,96.54,15.19,54.41,RELAXO,0.01978868685905577,0.05214521003743955,0.01241704321416879,0.012725488600162253,0.12059492201783813
2019Q2,2.01,648.3,7.67,107.66,16.61,49.75,RELAXO,0.031394740809938426,0.14973148156564542,0.013810181133815,0.017833257707402586,1.5640002485224958
2019Q3,2.84,621.77,11.35,106.37,17.11,70.54,RELAXO,0.14812267333489704,0.166872824286749,0.01791254534533517,0.016948074366245493,0.6438744039661904
2019Q4,2.18,599.83,9.03,103.78,17.3,54.16,RELAXO,0.05121647819183117,0.2300238979928073,0.012710289139332686,0.014963751193833644,1.1808905657693884
2020Q1,2.09,540.58,9.58,100.19,18.53,51.8,RELAXO,-0.13842961880945692,-0.025442563384109995,0.04401703816466276,0.033290061414310936,0.9558761307567998
2020Q2,0.98,363.58,6.66,63.9,17.58,24.22,RELAXO,-0.1083971490386818,0.2348411018603711,0.030293370278727513,0.024495361425714852,0.8734789673767879
2020Q3,3.02,575.87,13.04,131.94,22.91,75.1,RELAXO,0.036780843218268355,0.01592512627880538,0.015399107284832476,0.013631316498167378,0.6175277587831788
2020Q4,3.63,672.02,13.4,152.67,22.72,90.07,RELAXO,0.11077584246010153,0.21458039861111922,0.015660055733900738,0.015233463233218069,1.176325380278547
2021Q1,4.11,747.68,13.66,169.75,22.7,102.17,RELAXO,0.025209121942463053,0.09604811302151806,0.014470385465422998,0.01747074344377757,1.9357680232259196
2021Q2,1.25,497.13,6.23,71.44,14.37,30.96,RELAXO,0.059361674593640945,0.3082164763961741,0.020868676448843992,0.023430234847118498,1.2642319938851874
2021Q3,2.76,714.43,9.61,123.89,17.34,68.69,RELAXO,-0.042341601802365236,-0.0074110125386448455,0.009649472470377054,0.010125372128977291,1.272810604116834
2021Q4,2.82,743.52,9.43,127.1,17.09,70.1,RELAXO,0.02557300968398768,0.15104512112064694,0.020657713174638045,0.024260832165570612,0.8056829759168008
2022Q1,2.53,698.19,9.01,117.04,16.76,62.93,RELAXO,-0.12371600339170352,-0.15116419377133272,0.018813450031798688,0.016296582776852964,1.4076220364366085
2022Q2,1.55,667.15,5.8,90.29,13.53,38.67,RELAXO,-0.020278491697533152,-0.09318853704259111,0.011121011447117567,0.01304021682599513,0.6743504395145672
2022Q3,0.9,669.65,3.35,65.09,9.72,22.4,RELAXO,-0.004055667049455591,0.04722288465746183,0.01838551534651983,0.014841993133900113,0.6077597025063609
2022Q4,1.21,681.03,4.42,76.67,11.26,30.1,RELAXO,-0.04446668177714841,-0.10520622148770975,0.009366212932347111,0.010175327462748247,1.6918885820506064
2023Q1,2.55,764.94,8.28,122.3,15.99,63.3,RELAXO,0.09390673774581271,-0.0668896257591165,0.014200322230134673,0.014646162116469736,1.421188621889955
2023Q2,2.26,738.82,7.62,114.82,15.54,56.32,RELAXO,0.007648886512381381,0.1332751864693167,0.009937745477633117,0.011018344524913404,0.8875581243367899
2023Q3,1.78,715.32,6.18,102.06,14.27,44.19,RELAXO,-0.029576527428864186,-0.0064909549223902685,0.008437622516840312,0.011041841784629722,0.49035789299219534
2023Q4,1.55,712.71,5.41,93.16,13.07,38.57,RELAXO,0.0058447149865827885,-0.0017677713881232293,0.007198602252491046,0.010607388209394972,1.0730835083229062
2024Q1,2.46,747.21,8.22,125.41,16.78,61.39,RELAXO,-0.0250506962003626,-0.08732551351142959,0.02602443270091069,0.020007398885268195,1.8788102131390008
2024Q2,1.78,748.19,5.93,104.33,13.94,44.37,RELAXO,0.022746889419632987,-0.004212819044684735,0.009980901266292249,0.009205550239329898,1.2433883306804363
2024Q3,1.48,679.37,5.41,94.3,13.88,36.73,RELAXO,0.017945758052536398,-0.023602704346846304,0.009151756449367075,0.012012791090837537,0.8443052463705261
2024Q4,1.32,666.9,4.95,90.19,13.52,33.01,RELAXO,-0.07462681504560287,-0.229861496191481,0.015115223106449367,0.015876545623585522,0.27818517408675064
2015Q4,2.55,3398.39,6.65,325.08,9.57,226.15,TITAN,-0.08137080241887928,0.06864708812260156,0.016141861625942795,0.015842297191848154,1.6654063037291786
2016Q1,2.1,2391.49,7.81,234.58,9.81,186.88,TITAN,0.033756861788853953,-0.02848030605022278,0.02828689255811621,0.024453811938186798,0.896364358582942
2016Q2,1.46,2748.67,4.7,208.56,7.59,129.29,TITAN,0.13082804160523898,0.20103456684099053,0.009643527243436022,0.013397969643119963,0.8284539839543898
2016Q3,2.01,2599.02,6.88,279.33,10.75,178.82,TITAN,-0.03066721627888025,-0.0035309489007546713,0.018981766733165508,0.016350824977719537,1.0267188969679035
2016Q4,2.85,3818.62,6.63,378.87,9.92,253.06,TITAN,0.005847959461137364,-0.20234326848624062,0.01976583213484724,0.019936576186294765,0.5849638492661828
2017Q1,2.26,3480.51,5.77,297.13,8.54,200.71,TITAN,0.05614510648017479,0.441813287493831,0.018317826965226727,0.021255758111090744,0.7647266810090174
2017Q2,3.01,3967.02,6.73,406.06,10.24,266.91,TITAN,0.10433774369531301,0.15263742334175956,0.03471751222324108,0.02862619296483633,0.5392111006622146
2017Q3,3.44,3438.96,8.89,464.22,13.5,305.64,TITAN,-0.05274669198857296,0.11995676158877955,0.014776544799281694,0.01866707239433803,1.110307251780862
2017Q4,3.47,4173.59,7.38,463.14,11.1,308.21,TITAN,0.048955073657874104,0.4907494976796858,0.016003951016247398,0.029736819459405345,0.5552503331010972
2018Q1,3.18,3869.33,7.29,394.65,10.2,282.12,TITAN,0.1495669143137892,0.1023632809258177,0.01360082336166912,0.016549385945618243,2.1196801710431443
2018Q2,3.93,4268.56,8.18,530.95,12.44,349.17,TITAN,-0.023997310561451712,-0.06948415842472966,0.018105508170560742,0.016270882185757778,1.7141924246951898
2018Q3,3.54,4353.39,7.22,493.9,11.35,314.38,TITAN,-0.09309917346067398,-0.06959529131569597,0.017611241511421943,0.01844154406624529,1.3450683533429515
2018Q4,4.69,5632.45,7.39,645.17,11.45,416.23,TITAN,-0.00042943187417987527,0.14275188009497275,0.013995862827356851,0.020652208089669676,1.640462354011899
2019Q1,3.32,4630.93,6.36,440.69,9.52,294.58,TITAN,0.08748826822699973,0.27565663136040186,0.010705922551015847,0.012185311483443265,0.8597600197821732
2019Q2,4.18,4885.0,7.59,621.0,12.71,371.0,TITAN,0.08103487449991542,0.21325321686695786,0.012758720358469018,0.013976576810009555,0.8687902001626611
2019Q3,3.61,4371.0,7.32,544.0,12.45,320.0,TITAN,0.1459114027007702,-0.037895409050980655,0.02482594548404681,0.026158705615628088,1.0998698841018486
2019Q4,5.29,6106.0,7.7,755.0,12.36,470.0,TITAN,0.024359867636638777,-0.07789332835407259,0.01074550972263151,0.01804727997810438,0.8918627265245848
2020Q1,4.01,4370.0,8.17,644.0,14.74,357.0,TITAN,-0.2557193376749103,-0.21402413601650971,0.03856698951081669,0.030631792347590704,1.112020198987333
2020Q2,-3.04,1251.0,-21.58,-207.0,-16.55,-270.0,TITAN,-0.009437930350676083,0.07839469041240088,0.023418805292533686,0.033522184598627734,0.6283905378862439
2020Q3,2.24,3892.0,5.11,365.0,9.38,199.0,TITAN,0.07258589004179772,0.201767692785902,0.019400112347249282,0.019498826051897216,1.087627852436209
2020Q4,4.72,6912.0,6.06,758.0,10.97,419.0,TITAN,0.168555827632203,0.3044909300969214,0.018283685581805095,0.01731032872143359,0.6536256244992887
2021Q1,5.96,6991.0,7.57,829.0,11.86,529.0,TITAN,0.10743479778362652,0.011654980132852266,0.015874067417350233,0.01734068140345931,1.0686540205920048
2021Q2,0.69,2780.0,2.19,209.0,7.52,61.0,TITAN,0.08866405418364054,0.15051297057633928,0.01564879892331792,0.018302483417295446,0.6618710911361325
2021Q3,7.22,6921.0,9.26,1004.0,14.51,641.0,TITAN,0.12502620216363414,0.25081463524898573,0.012657468806563,0.013134245836529973,0.8032975600665903
2021Q4,11.12,9381.0,10.52,1454.0,15.5,987.0,TITAN,0.05694531907810596,0.1667782959685995,0.018604939598081092,0.02375271623086294,0.9800859764336521
2022Q1,5.53,6749.0,7.28,807.0,11.96,491.0,TITAN,-0.004084091411072577,0.05578332075064485,0.020956194481691812,0.019977729386112156,0.8854002593049222
2022Q2,8.93,8493.0,9.34,1208.0,14.22,793.0,TITAN,-0.11665012525923568,-0.23062435741291598,0.02331958820701398,0.021675393345041476,1.077674243094627
2022Q3,9.66,8134.0,10.54,1294.0,15.91,857.0,TITAN,-0.005739934762786558,0.3476742414087828,0.016309841269178553,0.015454889378320494,1.2169171400092818
2022Q4,10.71,10444.0,9.11,1421.0,13.61,951.0,TITAN,-0.01561379118120032,0.02607147422737932,0.011346190468708139,0.013163225901543925,1.5289470485521819
2023Q1,8.27,8553.0,8.58,1148.0,13.42,734.0,TITAN,0.05988708464102244,-0.015019939352242995,0.010464854929721358,0.01343537378127585,0.7862965051563546
2023Q2,8.76,10103.0,7.69,1202.0,11.9,777.0,TITAN,0.07948285674401623,0.2217968765053142,0.009309821727491202,0.009132881884864384,1.1714889154389296
2023Q3,10.58,9903.0,9.49,1477.0,14.91,940.0,TITAN,0.021608017370011945,0.03653696336623158,0.010136741456171171,0.01052159854620087,1.1478993234722958
2023Q4,11.73,12912.0,8.05,1596.0,12.36,1040.0,TITAN,0.07177850948157882,0.12654017576277332,0.009046657229681045,0.010687597177133135,0.9149460187104911
2024Q1,8.87,10047.0,7.82,1259.0,12.53,786.0,TITAN,0.04949626286674147,0.03968060090565828,0.01374560119076078,0.013308941065282964,1.3411212631499054
2024Q2,8.68,11105.0,6.93,1329.0,11.97,770.0,TITAN,0.010335729705133634,-0.07860392425098028,0.015714572254390283,0.016748481718289396,0.7758337386895745
2024Q3,7.95,12268.0,5.75,1260.0,10.27,705.0,TITAN,0.07259160443213308,0.11438311739052898,0.01176585381660935,0.015364908650199429,1.2311364933061948
2024Q4,11.16,16053.0,6.17,1641.0,10.22,990.0,TITAN,0.0012772861930541168,-0.1476538012845514,0.014138565999869148,0.013218176893898429,0.5902130177976916
2015Q4,0.1,374.4,8.72,57.0,15.22,32.65,TRENT,0.1132561475271383,0.3290429338475107,0.02220561908158156,0.017970100198622482,2.757175456098708
2016Q1,0.6,379.42,5.21,39.56,10.43,19.76,TRENT,0.11233087429278399,-0.08502992473130566,0.022056868969098607,0.020235173902300577,1.3656931436911295
2016Q2,0.7,399.52,5.83,49.83,12.47,23.3,TRENT,0.07427988174708933,0.16797933952599253,0.019378634186671764,0.017766433659069745,2.368040591244243
2016Q3,0.63,439.47,4.79,48.19,10.97,21.07,TRENT,-0.006908993131307661,0.19049619051255418,0.020906994146504886,0.015848090727257878,0.554466691255676
2016Q4,1.12,433.56,8.59,61.59,14.21,37.23,TRENT,0.12143255931448227,-0.044121197922640354,0.02514027744843546,0.021757784967817058,0.7643195930582443
2017Q1,0.76,448.37,5.63,46.7,10.42,25.26,TRENT,0.08370609584103317,0.3298431799546768,0.01672631256232872,0.030380157224272616,0.5368862634435653
2017Q2,1.15,494.17,7.72,74.51,15.08,38.15,TRENT,-0.02928528629189575,-0.04819275455968863,0.012542681096532745,0.010958442122831811,1.450411910867377
2017Q3,0.87,522.08,5.56,61.04,11.69,29.01,TRENT,-0.0077205147300482,0.2521942201974694,0.02458528232855698,0.021969355903194387,0.6968940774784977
2017Q4,1.14,521.32,7.27,72.95,13.99,37.9,TRENT,-0.005016991312874142,0.15819282082182218,0.019632216030516028,0.020126097896729474,1.1172178410841365
2018Q1,0.35,528.72,2.21,35.41,6.7,11.66,TRENT,0.11073546336291318,0.047828689475539754,0.01895349879095295,0.018570816464236275,1.4007603106075117
2018Q2,1.15,590.61,6.49,76.67,12.98,38.36,TRENT,-0.08311859484149187,-0.12136634825612858,0.01378096421820876,0.015323868633610403,1.1871241748375339
2018Q3,0.99,615.92,5.34,71.57,11.62,32.91,TRENT,-0.11639928424889934,0.07668506663211927,0.013479198287553309,0.01858578463379076,1.3067649730338584
2018Q4,1.21,656.47,6.14,82.02,12.49,40.28,TRENT,0.06059720475088759,0.04862517250576959,0.01768789817104464,0.017925643631481556,1.007638429409597
2019Q1,0.48,668.67,2.39,42.14,6.3,15.95,TRENT,0.12436888653772349,0.06352190700316251,0.022892775564698493,0.01847362220814805,1.1083784288587646
2019Q2,1.74,767.19,7.55,199.8,26.04,57.94,TRENT,0.16916353618178048,0.22350165506419883,0.0183372510956741,0.01984487319405464,1.5113528120870041
2019Q3,1.1,818.01,4.68,176.08,21.53,38.29,TRENT,0.018307963344493805,0.08958654922268172,0.024108555987023248,0.02308102669811556,0.7764369225145747
2019Q4,1.57,869.7,6.41,211.78,24.35,55.74,TRENT,0.01258170683156723,0.03484489902986332,0.014696246838325974,0.01730574634765882,1.8186376457301734
2020Q1,0.07,722.78,0.36,127.28,17.61,2.61,TRENT,-0.34298692434885214,-0.08119127399789328,0.06202926806571588,0.049429386484297545,0.8853527393917029
2020Q2,-3.92,96.33,-144.77,-66.25,-68.77,-139.46,TRENT,0.2113397128086556,0.37774294875778147,0.043441294708652135,0.03786976923269121,1.8405814932456934
2020Q3,-1.35,452.12,-10.64,42.76,9.46,-48.09,TRENT,0.05222774448840295,0.0864270681573478,0.028254495344141647,0.02622636590932817,0.4624633124017252
2020Q4,2.24,725.4,10.98,222.55,30.68,79.66,TRENT,-0.03899371079969649,0.02336652155950092,0.02066326885370103,0.022093510244355952,0.4411121080671636
2021Q1,1.6,773.68,7.35,202.65,26.19,56.88,TRENT,-0.07122997726559976,0.11755075000146076,0.03211715387438737,0.027132925047613346,0.938136574907361
2021Q2,-2.36,327.29,-25.59,20.56,6.28,-83.76,TRENT,0.011485236527618126,0.11815023288760118,0.014660828672788275,0.017537511681540722,0.5493553700323037
2021Q3,3.53,1020.42,12.31,303.13,29.71,125.62,TRENT,0.018820042052789088,0.20788195130608345,0.015999240924592883,0.019649547498862534,0.7571698475732095
2021Q4,3.74,1347.76,9.86,321.33,23.84,132.89,TRENT,0.03262719306538231,0.03816353838120978,0.016275075812120378,0.020624176832734535,0.7112028991765059
2022Q1,2.11,1185.26,6.32,254.33,21.46,74.87,TRENT,0.15106945690371298,0.22898505127835378,0.02543374412267195,0.025039093342138025,0.886526784508902
2022Q2,2.89,1652.86,6.21,345.62,20.91,102.62,TRENT,-0.03181753670982579,-0.14462581432410915,0.023468328510136142,0.024130406061861915,1.0320129536671163
2022Q3,5.23,1813.61,10.25,435.55,24.02,185.85,TRENT,0.00424321778315484,0.3219755444412693,0.02223137473843468,0.0199751709038819,0.6842396728789629
2022Q4,4.53,2171.51,7.41,408.61,18.82,160.97,TRENT,-0.07700977978425338,-0.033127163324299325,0.016626748225456248,0.01665315666138318,1.1529870601990946
2023Q1,2.96,2077.21,5.06,341.17,16.42,105.13,TRENT,0.07573430496978606,0.01953868415600435,0.015359523896961949,0.019236743443963006,0.983061196698635
2023Q2,4.17,2536.43,5.85,415.43,16.38,148.27,TRENT,0.13053936166145275,0.3299287961521995,0.013041030099078242,0.011826197703216175,0.9036125736110766
2023Q3,8.15,2890.72,10.02,611.93,21.17,289.67,TRENT,0.008533029523639657,0.17912294722730682,0.013861652564198157,0.015935550239471512,2.127972979784812
2023Q4,9.67,3312.48,10.37,699.97,21.13,343.6,TRENT,0.14144004838502644,0.4202793569810257,0.011236408672366477,0.016825719255114238,0.7242137681088788
2024Q1,18.41,3186.93,20.53,1093.88,34.32,654.28,TRENT,0.026894886829620823,0.32929299365993936,0.015922788629516335,0.03030327979305339,0.8666909607485871
2024Q2,9.62,3991.74,8.57,656.66,16.45,342.15,TRENT,0.1729006129239976,0.3887477808930526,0.021169416373823743,0.019173381490857205,0.8968310146725351
2024Q3,11.91,4035.56,10.49,779.32,19.31,423.44,TRENT,0.05809666974549499,0.3733014432665238,0.016150096685412018,0.024165857189721657,2.785142210225565
2024Q4,13.2,4534.71,10.35,893.96,19.71,469.33,TRENT,0.04826057054715771,-0.09067876034551481,0.016846471283686125,0.02149658775483179,0.8306532190182477
2015Q4,0.93,1085.85,2.84,47.87,4.41,30.79,VOLTAS,0.10852838982952351,0.29590398267727114,0.020386132281895075,0.021275169054796424,0.7155201719130316
2016Q1,3.86,1565.76,8.15,194.46,12.42,127.59,VOLTAS,0.2327126013101113,-0.10793900839346715,0.024118655084749745,0.028401654786240987,0.7748473745408644
2016Q2,3.17,1640.05,6.4,152.85,9.32,104.96,VOLTAS,-0.03329858203632885,0.1782445230672789,0.015277691840387995,0.018115367423390965,1.0321012422770746
2016Q3,3.81,827.28,15.22,180.68,21.84,125.91,VOLTAS,-0.039645353076183554,0.1945422766132281,0.02035572889212719,0.020164588035086705,0.9905266686659908
2016Q4,3.13,1012.6,10.21,151.72,14.98,103.41,VOLTAS,0.05852939774072441,-0.13822523897979033,0.018276340691757823,0.023254348104535347,0.7331163213497447
2017Q1,4.59,1882.87,8.07,193.55,10.28,151.91,VOLTAS,0.09006750109894401,0.24822049279619662,0.016380249207775647,0.01709110433925014,1.9790671291361415
2017Q2,4.77,1811.67,8.71,221.15,12.21,157.82,VOLTAS,-0.059833519590069106,0.10647316164368559,0.02674006033410327,0.020911157734566404,0.553056192410187
2017Q3,2.9,899.23,10.69,139.04,15.46,96.11,VOLTAS,-0.035636073913939637,0.11396795905304913,0.018452703353205833,0.01998412984402018,1.1979022272844673
2017Q4,2.12,1217.17,5.76,96.23,7.91,70.09,VOLTAS,0.01942798081105712,0.3091815242689131,0.01779605088246684,0.01802459088037583,1.2033925532159278
2018Q1,5.36,1844.61,9.61,253.07,13.72,177.21,VOLTAS,0.011814520162162001,-0.051409337007701006,0.01702781085437691,0.01838869940431566,0.6857014555951209
2018Q2,3.87,1975.33,6.49,196.85,9.97,128.12,VOLTAS,-0.029910390368963702,-0.17963985992196263,0.01852762001497526,0.018041315509989993,1.694082657226874
2018Q3,4.49,1276.13,11.63,195.57,15.33,148.43,VOLTAS,-0.15463401031255408,0.0012911058202023096,0.020834381552537595,0.02002425276386433,1.2187762182440525
2018Q4,1.89,1377.03,4.53,100.07,7.27,62.41,VOLTAS,0.0013568178519365315,-0.031580841988595676,0.018103985043709313,0.02310594561633847,1.1891758798551573
2019Q1,3.79,2029.79,6.18,180.95,8.91,125.51,VOLTAS,0.1814753306649899,0.13955606885080263,0.016861171575541452,0.015047930754562809,1.0083528972148352
2019Q2,4.44,2531.37,5.81,227.44,8.98,147.05,VOLTAS,0.12394105599968097,0.06708674003487203,0.01730003055402071,0.015130799829416347,1.3702585617418028
2019Q3,3.72,1294.33,9.52,173.19,13.38,123.18,VOLTAS,0.08719299554107773,0.04807931946042099,0.017170167688760913,0.017581535029920627,1.1149248856193352
2019Q4,3.08,1385.49,7.37,141.92,10.24,102.1,VOLTAS,-0.05894937071730422,-0.02758103681067503,0.010016098419616247,0.013046990648004785,0.8627668013788592
2020Q1,5.92,1958.17,10.0,265.44,13.56,195.76,VOLTAS,-0.29738493753946393,-0.27665710017204403,0.03882151325409092,0.030039151149817016,1.0416749854308394
2020Q2,3.44,1160.71,9.81,150.98,13.01,113.84,VOLTAS,0.012319467498927095,0.12299635208700987,0.029862513917048382,0.03030020813148701,0.6018903040136294
2020Q3,3.1,1336.77,7.67,146.28,10.94,102.47,VOLTAS,0.07141734962444546,0.2249974476095089,0.01937227804924888,0.018019942278684083,0.7027481396162176
2020Q4,4.21,1550.15,8.99,180.74,11.66,139.4,VOLTAS,0.03920709374444886,0.2135667087278621,0.019573775168594904,0.01879716126730044,0.5777953301342056
2021Q1,6.49,2204.02,9.74,304.35,13.81,214.59,VOLTAS,-0.0159111810340965,0.23036794190594834,0.019475951991267344,0.021732464992383776,0.864025553051554
2021Q2,4.09,1437.0,9.42,183.99,12.8,135.33,VOLTAS,0.009129490365813897,0.04390216659661217,0.018344512414241544,0.019294059888272798,1.0383803952690331
2021Q3,3.29,1458.92,7.47,154.62,10.6,109.0,VOLTAS,0.2231260577264116,0.19730250094847435,0.018567341576239897,0.016176363758436535,0.5556164007560367
2021Q4,3.71,1607.25,7.63,171.66,10.68,122.64,VOLTAS,-0.009143366496666139,0.0009030653608892436,0.015924249584441576,0.01854337658520635,1.1398408201559473
2022Q1,6.54,2486.66,8.71,300.57,12.09,216.5,VOLTAS,-0.014052161175830635,0.03675336291440723,0.02100161361997252,0.019687909270158028,0.7850260036838218
2022Q2,4.43,2562.32,5.72,207.39,8.09,146.58,VOLTAS,-0.06700469587116042,-0.22923910667098746,0.01968023050089719,0.024251922828991444,0.8582224166302151
2022Q3,31.97,1381.0,76.6,1082.31,78.37,1057.82,VOLTAS,-0.07500376793322938,-0.0678218907571374,0.016992951762870693,0.017809276969088565,1.0505727070134443
2022Q4,1.34,1398.01,3.17,73.28,5.24,44.32,VOLTAS,-0.05045408336854784,-0.11246113512008082,0.013042571079193368,0.013856612657009581,0.645357030732548
2023Q1,4.73,2228.98,7.03,213.98,9.6,156.59,VOLTAS,-0.08267937601099684,0.02223740639126115,0.014337128793013593,0.01565955802370142,0.48782523161281593
2023Q2,6.49,2672.21,8.03,283.21,10.6,214.61,VOLTAS,-0.07008876716228718,-0.07200936475222353,0.013235363319777845,0.013411493291381056,1.5366691552321377
2023Q3,3.08,1313.8,7.76,146.47,11.15,102.0,VOLTAS,0.009176429246767315,0.1362948665413617,0.014174171160749777,0.013562142987434455,0.837576237889188
2023Q4,2.94,1564.52,6.22,143.43,9.17,97.33,VOLTAS,0.1925279776606701,0.1351084247349077,0.012813512765164336,0.01297113950433049,1.0075156977253095
2024Q1,5.75,3032.1,6.28,248.79,8.21,190.31,VOLTAS,0.0056956133705952094,0.1423912359358972,0.016969869947682854,0.021365090049673876,1.030886027672794
2024Q2,10.25,3896.91,8.7,442.68,11.36,339.14,VOLTAS,0.07436376988703386,0.3874574492760665,0.022802496829416517,0.024153903092992247,0.8811174679491691
2024Q3,3.29,1681.37,6.47,183.33,10.9,108.78,VOLTAS,0.05818255212645296,0.277548848046159,0.016036088056470697,0.021072185956423375,0.7694610933020685
2024Q4,3.27,2013.07,5.38,170.2,8.45,108.34,VOLTAS,0.07942105156016654,-0.041115351376901255,0.017179989752989316,0.018292487322885718,0.7219523598867109
2019Q4,0.0,0.12,-58.33,-0.07,-58.33,-0.07,WESTLIFE,-0.09170302948218179,0.10318232465674515,0.020869473918911686,0.0289683468273835,3.0367877709394184
2020Q1,-0.01,0.11,-90.91,-0.1,-90.91,-0.1,WESTLIFE,-0.28150371055577783,-0.0588578635780751,0.046927442488464664,0.03974122476397327,0.4111301695180728
2020Q2,0.0,0.19,-31.58,-0.06,-31.58,-0.06,WESTLIFE,0.032360950102918506,-0.009332208854315183,0.021373321988714146,0.02714321959391413,1.3686407654954449
2020Q3,-0.01,0.1,-110.0,-0.11,-110.0,-0.11,WESTLIFE,0.07243611873426214,0.2280210571336445,0.02818212353517624,0.02775691833064434,1.331742717485829
2020Q4,-0.01,0.08,-100.0,-0.08,-100.0,-0.08,WESTLIFE,0.042247135308260075,0.1545661948508108,0.03515734514114922,0.02748936550210544,0.7113381884988144
2021Q1,-0.01,0.06,-250.0,-0.15,-250.0,-0.15,WESTLIFE,-0.08353274362293073,0.05074283924887024,0.02384212135097312,0.022032185388127214,0.9227494668399264
2021Q2,0.0,0.12,-50.0,-0.06,-50.0,-0.06,WESTLIFE,0.020737604482232497,0.08715059942517911,0.01860563009493945,0.021178587258153844,0.5244540168758419
2021Q3,-0.01,0.12,-83.33,-0.1,-83.33,-0.1,WESTLIFE,0.028607770113948883,0.13350667523863158,0.021645129872388723,0.023423421368498416,1.443009558979038
2021Q4,-0.01,0.1,-100.0,-0.1,-100.0,-0.1,WESTLIFE,0.019211534389711238,-0.006975041998069642,0.017953722607315172,0.015406624707946357,0.36013248190961833
2022Q1,-0.01,0.12,-133.33,-0.16,-133.33,-0.16,WESTLIFE,0.037891127548633774,-0.1497116974074849,0.02158422881274911,0.02263755155136941,1.5376333286986112
2022Q2,-0.01,0.07,-228.57,-0.16,-228.57,-0.16,WESTLIFE,0.08842192379335079,0.025466492198073398,0.015623125257404393,0.01640235507461696,0.9561977376712548
2022Q3,-0.01,0.14,-135.71,-0.19,-135.71,-0.19,WESTLIFE,0.10344840578557979,0.4446009332355185,0.02299431117836292,0.02264406302693192,1.6612201248411722
2022Q4,0.0,0.2,-30.0,-0.06,-30.0,-0.06,WESTLIFE,0.09872678101664323,0.13350563592880627,0.020510510041131032,0.01912734200936786,0.7972458338109695
2023Q1,-0.02,0.22,-150.0,-0.17,-77.27,-0.33,WESTLIFE,0.053414504263421314,-0.12227860133928803,0.016970742056000816,0.01982113616887654,0.9966071050063638
2023Q2,3.84,61.85,96.7,61.43,99.32,59.81,WESTLIFE,0.10997993096851277,0.27719758205481404,0.022034881783555643,0.02145831024375012,0.5124966776436977
2023Q3,0.0,0.21,-4.76,0.07,33.33,-0.01,WESTLIFE,-0.0036768701451962427,0.09635536015899238,0.01700340865866838,0.015800975901287307,1.2710012263290347
2023Q4,-0.01,0.22,-36.36,-0.08,-36.36,-0.08,WESTLIFE,-0.07444338991931043,-0.17402299310740565,0.014884928580277538,0.017116635621850795,1.5345900440221787
2024Q1,-0.04,0.26,-230.77,-0.69,-265.38,-0.6,WESTLIFE,0.0035554863806586123,-0.021469321333850044,0.025829657310406557,0.02117006473489976,0.40530758126966987
2024Q2,-0.01,0.23,-30.43,-0.07,-30.43,-0.07,WESTLIFE,0.004485648970926626,0.10333732470708523,0.017018212809326888,0.018656088239245035,2.3045237394800946
2024Q3,-0.01,0.27,-77.78,-0.21,-77.78,-0.21,WESTLIFE,0.14786669832389254,0.14279666139363933,0.022898801333478637,0.01922805739948493,3.599047770149906
2024Q4,-0.01,0.24,-58.33,-0.14,-58.33,-0.14,WESTLIFE,0.04600050969468317,-0.14831537731990252,0.01978220375335562,0.020143447383800462,0.8652990459082618
2015Q4,3.01,922.35,4.14,78.24,8.48,38.21,WHIRLPOOL,-0.03650660373203274,0.015087634865041055,0.017248254925765406,0.01812266222960006,1.1690736935376504
2016Q1,5.46,848.53,8.16,121.87,14.36,69.28,WHIRLPOOL,0.17020567258736086,0.0864321228559437,0.01967047666738934,0.02429188629748824,1.596500981932028
2016Q2,9.61,1272.67,9.58,208.88,16.41,121.95,WHIRLPOOL,0.08181361666138076,0.2259541866180641,0.014745805048043356,0.016552392371679325,0.7746329685964374
2016Q3,4.63,843.42,6.96,108.3,12.84,58.72,WHIRLPOOL,0.09984318097889866,0.24447962043632354,0.016203112126996787,0.014968280224552846,0.7632964074018581
2016Q4,4.37,810.15,6.84,103.27,12.75,55.44,WHIRLPOOL,-0.06715286390025288,-0.11418330674140609,0.02766617911074263,0.02561586489221932,1.762423030366823
2017Q1,5.86,1014.55,7.33,141.39,13.94,74.38,WHIRLPOOL,0.20080591984400065,0.39447546254548516,0.018732152695256396,0.019854825789685282,1.40759213161504
2017Q2,10.46,1463.96,9.07,232.65,15.89,132.72,WHIRLPOOL,-0.03098511161650397,-0.04891804070447048,0.011683075570635176,0.013212300365477636,0.311932200646654
2017Q3,5.79,1159.67,6.33,141.18,12.17,73.45,WHIRLPOOL,0.0878592098244626,0.1296686898916748,0.018242695143361246,0.01480632230996997,1.1484319460101555
2017Q4,4.19,958.01,5.55,110.39,11.52,53.14,WHIRLPOOL,0.04958980235913146,0.2683762622381327,0.01869113526533741,0.01634806728970017,0.9441752954218459
2018Q1,7.2,1257.74,7.27,164.01,13.04,91.38,WHIRLPOOL,0.04439666305858658,-0.010580498505452618,0.013720367988362634,0.018467094314454865,0.5877787788171914
2018Q2,12.91,1651.08,9.92,279.71,16.94,163.79,WHIRLPOOL,-0.005515727491739897,-0.005418819929181251,0.013328451581459368,0.011488024541344654,0.4403551895997517
2018Q3,6.19,1181.5,6.65,147.58,12.49,78.55,WHIRLPOOL,-0.24434099878552262,-0.11927948798319776,0.016792290851328513,0.01749411079365895,2.0460594471699762
2018Q4,4.78,1211.54,5.0,124.43,10.27,60.62,WHIRLPOOL,-0.004296086986124159,-0.040437498597204136,0.018730972328092538,0.023971072375214793,1.1559143118723942
2019Q1,8.21,1355.15,7.68,196.72,14.52,104.1,WHIRLPOOL,0.11762303388554551,0.14871801768829696,0.022267329815083253,0.018486715795489286,0.7824512436106643
2019Q2,15.04,1974.2,9.67,329.88,16.71,190.84,WHIRLPOOL,0.09984770118261732,0.05633605053378532,0.01739550866902458,0.015428186703881401,0.2864604727609046
2019Q3,9.84,1393.46,8.96,180.43,12.95,124.83,WHIRLPOOL,0.2266124651664707,0.19678323584011803,0.01985646609970062,0.018340453185392874,0.8054823133071308
2019Q4,5.77,1271.24,5.76,129.12,10.16,73.22,WHIRLPOOL,0.10789575851918776,0.2430933087543501,0.030218119505818573,0.024285100392191644,1.138805850490798
2020Q1,6.89,1353.62,6.46,162.63,12.01,87.41,WHIRLPOOL,-0.16527850647827091,-0.23366343100265108,0.0487687158477249,0.037203759108390556,0.7836337470367092
2020Q2,1.3,1027.05,1.6,60.83,5.92,16.47,WHIRLPOOL,0.020259491937420826,0.1491871311474282,0.016557849557999785,0.022457524166050624,1.087040747845043
2020Q3,10.14,1599.47,8.04,216.0,13.5,128.62,WHIRLPOOL,0.047867849336137525,0.020629559735609426,0.02614105485287177,0.020834761053666346,0.5585913250112717
2020Q4,5.07,1493.98,4.31,128.96,8.63,64.37,WHIRLPOOL,0.20563129953004888,0.19676793171637774,0.028898399808067222,0.02284144913004945,2.3435127181720428
2021Q1,9.76,1779.39,6.96,202.8,11.4,123.82,WHIRLPOOL,-0.07696123314851011,-0.11267848790169654,0.012038521534206783,0.018818777254912916,1.4274746695229288
2021Q2,1.84,1340.61,1.74,69.47,5.18,23.34,WHIRLPOOL,0.03555309923484651,0.02750894220035094,0.016582023876743967,0.014680206082508692,0.4513438977146682
2021Q3,6.19,1607.1,4.88,145.42,9.05,78.49,WHIRLPOOL,0.07264576000237732,0.024479689227047574,0.01623868400698989,0.015223756622030533,0.6730867034691634
2021Q4,3.27,1435.06,2.89,91.33,6.36,41.49,WHIRLPOOL,-0.13641827516720728,-0.228976585503207,0.022429792280088845,0.026589075729780906,0.45464434344377325
2022Q1,6.27,1610.63,4.94,148.37,9.21,79.53,WHIRLPOOL,-0.05972206701185456,-0.10025169930091538,0.015855755720211993,0.014863888189152533,0.7085723154439143
2022Q2,6.14,1983.74,3.93,148.31,7.48,77.9,WHIRLPOOL,-0.05473478875238691,-0.007682753208935966,0.02148720878729563,0.017249715742750846,0.8366406340777681
2022Q3,3.2,1488.91,2.73,93.54,6.28,40.62,WHIRLPOOL,-0.10147872598858687,0.04718576476626635,0.014382992903162722,0.013618926048626693,0.49850011299935315
2022Q4,0.85,1172.37,0.92,58.51,4.99,10.74,WHIRLPOOL,-0.016909163488532886,-0.08744028554321426,0.0069974755188829466,0.01044623539404447,0.7520531084581831
2023Q1,4.38,1565.23,3.55,120.14,7.68,55.6,WHIRLPOOL,0.008280639215459518,-0.11435501790691327,0.013570900541761655,0.01507019928885388,0.8645495868284142
2023Q2,4.91,1922.85,3.24,132.43,6.89,62.27,WHIRLPOOL,0.033258558217959644,0.10821680658769717,0.009094299062405147,0.009110054534918442,0.5261043588840453
2023Q3,2.01,1400.02,1.82,83.35,5.95,25.52,WHIRLPOOL,-0.008057333385122267,0.1058557677421339,0.011208696294263253,0.010349300405369593,1.664174889798122
2023Q4,1.16,1397.79,1.05,71.5,5.12,14.68,WHIRLPOOL,-0.11579393883912192,-0.17689390694589502,0.023227558226094798,0.01857637384762291,0.28359392372536824
2024Q1,5.12,1612.01,4.03,158.06,9.81,64.9,WHIRLPOOL,-0.03121046991277765,-0.1037861542388574,0.012609573966032,0.012525461316663078,0.33046322657828914
2024Q2,10.56,2383.7,5.62,240.64,10.1,134.03,WHIRLPOOL,0.3045762909497307,0.6148936299053522,0.02564120573129204,0.023571486258368766,1.7158903489976094
2024Q3,3.29,1582.08,2.64,113.74,7.19,41.7,WHIRLPOOL,0.048591802237222925,0.1728329725787381,0.019564288248661705,0.018125159631755317,1.506267832076213
2024Q4,2.11,1564.95,1.71,90.44,5.78,26.78,WHIRLPOOL,-0.004786324605061898,-0.16411910224112414,0.02125136583479393,0.022500285700544395,0.8652955112137851
