quarter,EPS (Adj) (Unit Curr.),Net Sales,PATM(%),PBIDT,PBIDTM(%),Reported Profit After Tax,company
2016Q1,0.0,2212.71,2.96,154.58,6.99,65.56,AVENUE
2016Q2,0.0,2652.39,4.47,239.66,9.04,118.45,AVENUE
2016Q3,0.0,2778.73,4.16,240.89,8.67,115.65,AVENUE
2016Q4,0.0,3339.36,4.55,296.79,8.89,151.88,AVENUE
2017Q1,1.69,3110.64,3.11,217.6,7.0,96.67,AVENUE
2017Q2,2.8,3598.12,4.86,326.05,9.06,174.77,AVENUE
2017Q3,3.06,3506.92,5.45,339.14,9.67,191.04,AVENUE
2017Q4,4.03,4093.89,6.15,435.4,10.64,251.77,AVENUE
2018Q1,2.68,3809.96,4.39,309.38,8.12,167.1,AVENUE
2018Q2,4.02,4559.42,5.5,436.93,9.58,250.61,AVENUE
2018Q3,3.62,4872.52,4.63,403.5,8.28,225.74,AVENUE
2018Q4,4.12,5450.94,4.72,461.97,8.48,257.11,AVENUE
2019Q1,3.25,5033.37,4.03,391.19,7.77,202.89,AVENUE
2019Q2,5.37,5780.53,5.8,607.88,10.52,335.31,AVENUE
2019Q3,5.34,5949.01,5.61,524.26,8.81,333.45,AVENUE
2019Q4,6.3,6751.94,5.84,600.06,8.89,394.26,AVENUE
2020Q1,4.49,6193.53,4.63,453.26,7.32,286.87,AVENUE
2020Q2,0.77,3833.23,1.29,160.2,4.18,49.56,AVENUE
2020Q3,3.25,5218.15,4.03,380.7,7.3,210.55,AVENUE
2020Q4,7.26,7432.69,6.33,740.57,9.96,470.25,AVENUE
2021Q1,6.71,7303.13,5.96,669.16,9.16,434.95,AVENUE
2021Q2,1.78,5031.75,2.29,257.43,5.12,115.13,AVENUE
2021Q3,6.93,7649.64,5.87,703.14,9.19,448.9,AVENUE
2021Q4,9.04,9065.02,6.46,900.5,9.93,585.79,AVENUE
2022Q1,7.2,8606.09,5.42,781.32,9.08,466.35,AVENUE
2022Q2,10.49,9806.89,6.93,1044.8,10.65,679.64,AVENUE
2022Q3,11.28,10384.66,7.03,938.63,9.04,730.48,AVENUE
2022Q4,9.9,11304.58,5.67,1014.96,8.98,641.07,AVENUE
2023Q1,7.8,10337.12,4.89,824.09,7.97,505.21,AVENUE
2023Q2,10.71,11584.44,6.0,1083.25,9.35,695.36,AVENUE
2023Q3,10.12,12307.72,5.35,1047.4,8.51,658.54,AVENUE
2023Q4,11.32,13247.33,5.56,1165.37,8.8,736.82,AVENUE
2024Q1,9.28,12393.46,4.88,992.42,8.01,604.2,AVENUE
2024Q2,12.49,13711.87,5.93,1272.99,9.28,812.45,AVENUE
2024Q3,10.92,14050.32,5.06,1151.56,8.2,710.37,AVENUE
2024Q4,12.06,15565.23,5.04,1271.66,8.17,784.65,AVENUE
2025Q1,9.52,14462.39,4.28,1020.54,7.06,619.71,AVENUE
2025Q2,12.75,15932.12,5.21,1347.45,8.46,829.73,AVENUE
2025Q3,11.47,16218.79,4.6,1262.88,7.79,746.55,AVENUE
2025Q4,14.19,17612.62,5.24,1511.04,8.58,923.05,AVENUE
2015Q4,3.49,625.09,7.17,87.14,13.94,44.82,BATA
2016Q1,2.2,543.99,5.19,66.39,12.2,28.23,BATA
2016Q2,3.93,663.13,7.62,93.12,14.04,50.5,BATA
2016Q3,2.69,577.95,5.98,67.59,11.69,34.59,BATA
2016Q4,2.93,634.66,5.94,73.02,11.51,37.71,BATA
2017Q1,2.8,591.43,6.08,68.89,11.65,35.94,BATA
2017Q2,4.7,736.06,8.21,107.13,14.55,60.43,BATA
2017Q3,3.34,586.9,7.31,79.28,13.51,42.89,BATA
2017Q4,5.3,674.0,10.11,122.21,18.13,68.17,BATA
2018Q1,4.05,632.31,8.24,96.01,15.18,52.08,BATA
2018Q2,6.42,797.28,10.35,143.8,18.04,82.55,BATA
2018Q3,4.33,673.07,8.27,102.24,15.19,55.66,BATA
2018Q4,8.03,778.7,13.25,177.37,22.78,103.18,BATA
2019Q1,6.87,679.39,12.99,122.43,18.02,88.27,BATA
2019Q2,7.84,882.14,11.42,259.9,29.46,100.73,BATA
2019Q3,5.55,721.96,9.89,203.1,28.13,71.37,BATA
2019Q4,9.12,829.64,14.13,279.65,33.71,117.2,BATA
2020Q1,2.93,619.7,6.07,155.93,25.16,37.61,BATA
2020Q2,-7.87,134.79,-75.03,-34.09,-25.29,-101.13,BATA
2020Q3,-3.45,367.87,-12.07,32.49,8.83,-44.39,BATA
2020Q4,2.01,614.74,4.2,125.73,20.45,25.8,BATA
2021Q1,2.29,589.91,4.99,126.45,21.44,29.44,BATA
2021Q2,-5.55,267.05,-26.71,-21.83,-8.17,-71.32,BATA
2021Q3,2.88,614.12,6.03,130.56,21.26,37.05,BATA
2021Q4,5.63,841.3,8.6,182.16,21.65,72.36,BATA
2022Q1,4.89,665.25,9.44,180.7,27.16,62.8,BATA
2022Q2,9.29,943.02,12.66,253.9,26.92,119.34,BATA
2022Q3,3.98,829.76,6.16,168.88,20.35,51.11,BATA
2022Q4,6.47,900.21,9.23,213.59,23.73,83.11,BATA
2023Q1,5.1,778.59,8.42,191.86,24.64,65.56,BATA
2023Q2,8.39,958.15,11.26,253.57,26.46,107.84,BATA
2023Q3,2.68,819.12,4.21,156.53,19.11,34.49,BATA
2023Q4,4.46,903.47,6.34,192.55,21.31,57.31,BATA
2024Q1,4.69,797.67,7.56,201.39,25.25,60.29,BATA
2024Q2,13.57,944.63,18.46,335.29,35.49,174.37,BATA
2024Q3,4.07,837.14,6.25,192.11,22.95,52.36,BATA
2024Q4,4.53,918.48,6.33,197.99,21.56,58.17,BATA
2025Q1,3.39,787.77,5.53,197.98,25.13,43.55,BATA
2025Q2,4.02,941.84,5.49,210.67,22.37,51.7,BATA
2025Q3,1.07,801.33,1.72,157.9,19.7,13.76,BATA
2015Q4,0.53,708.01,1.42,34.09,4.81,10.08,BLUE STAR
2016Q1,0.89,1103.14,1.54,44.93,4.07,17.01,BLUE STAR
2016Q2,2.78,1165.18,4.55,86.89,7.46,52.98,BLUE STAR
2016Q3,0.89,825.49,2.06,44.44,5.38,16.97,BLUE STAR
2016Q4,0.5,828.9,1.14,31.47,3.8,9.45,BLUE STAR
2017Q1,1.71,1290.03,2.52,71.06,5.51,32.57,BLUE STAR
2017Q2,3.2,1431.99,4.27,103.53,7.23,61.21,BLUE STAR
2017Q3,1.05,780.44,2.57,48.18,6.17,20.04,BLUE STAR
2017Q4,1.33,846.11,3.0,52.78,6.24,25.39,BLUE STAR
2018Q1,1.34,1244.47,2.05,59.85,4.81,25.57,BLUE STAR
2018Q2,4.47,1382.93,6.2,143.82,10.4,85.81,BLUE STAR
2018Q3,0.75,922.84,1.56,48.12,5.21,14.4,BLUE STAR
2018Q4,-1.03,996.61,-1.99,10.31,1.03,-19.86,BLUE STAR
2019Q1,2.15,1481.32,2.8,91.7,6.19,41.44,BLUE STAR
2019Q2,3.86,1470.67,5.05,133.18,9.06,74.23,BLUE STAR
2019Q3,0.67,1056.23,1.21,50.74,4.8,12.79,BLUE STAR
2019Q4,0.03,1062.76,0.06,34.81,3.28,0.59,BLUE STAR
2020Q1,1.73,1196.83,2.78,65.65,5.49,33.26,BLUE STAR
2020Q2,-1.59,526.2,-5.8,-5.17,-0.98,-30.52,BLUE STAR
2020Q3,0.4,803.77,0.94,50.26,6.25,7.58,BLUE STAR
2020Q4,1.23,1020.71,2.31,74.09,7.26,23.58,BLUE STAR
2021Q1,3.39,1491.55,4.38,135.38,9.08,65.26,BLUE STAR
2021Q2,0.48,954.34,0.96,44.8,4.69,9.16,BLUE STAR
2021Q3,1.1,1094.4,1.93,64.23,5.87,21.16,BLUE STAR
2021Q4,1.98,1328.13,2.86,91.2,6.87,38.05,BLUE STAR
2022Q1,3.08,2006.75,2.96,127.42,6.35,59.37,BLUE STAR
2022Q2,3.5,1854.61,3.63,125.55,6.77,67.31,BLUE STAR
2022Q3,1.57,1417.19,2.13,78.33,5.53,30.12,BLUE STAR
2022Q4,2.71,1654.56,3.15,100.72,6.09,52.09,BLUE STAR
2023Q1,11.27,2426.77,8.94,338.52,13.95,217.06,BLUE STAR
2023Q2,4.0,2080.64,3.7,136.77,6.57,77.07,BLUE STAR
2023Q3,3.62,1740.86,4.03,127.27,7.31,70.22,BLUE STAR
2023Q4,3.73,2054.86,3.73,131.91,6.42,76.69,BLUE STAR
2024Q1,6.98,3122.52,4.6,227.07,7.27,143.52,BLUE STAR
2024Q2,7.1,2713.53,5.38,226.38,8.34,146.06,BLUE STAR
2024Q3,4.12,2126.0,3.98,142.8,6.72,84.66,BLUE STAR
2024Q4,4.71,2681.52,3.61,171.96,6.41,96.91,BLUE STAR
2025Q1,7.65,3804.7,4.13,256.1,6.73,157.27,BLUE STAR
2025Q2,5.28,2846.63,3.81,190.43,6.69,108.56,BLUE STAR
2025Q3,3.4,2294.52,3.05,146.47,6.38,69.91,BLUE STAR
2015Q4,8.2,1968.59,9.99,321.22,16.32,196.72,BRITANNIA
2016Q1,8.0,1935.67,9.91,301.63,15.58,191.86,BRITANNIA
2016Q2,8.77,1949.36,10.79,336.13,17.24,210.39,BRITANNIA
2016Q3,9.49,2200.87,10.34,363.16,16.5,227.57,BRITANNIA
2016Q4,8.81,2093.17,10.1,332.96,15.91,211.49,BRITANNIA
2017Q1,8.2,2067.01,9.52,318.69,15.42,196.73,BRITANNIA
2017Q2,8.7,2077.15,10.05,346.79,16.7,208.69,BRITANNIA
2017Q3,10.22,2373.42,10.34,402.39,16.95,245.34,BRITANNIA
2017Q4,10.38,2398.32,10.39,407.35,16.98,249.17,BRITANNIA
2018Q1,5.1,2357.04,10.38,409.87,17.39,244.69,BRITANNIA
2018Q2,5.13,2386.89,10.32,406.27,17.02,246.24,BRITANNIA
2018Q3,5.9,2685.94,10.56,464.19,17.28,283.57,BRITANNIA
2018Q4,12.6,2685.37,11.27,501.67,18.68,302.7,BRITANNIA
2019Q1,12.05,2631.29,11.01,480.52,18.26,289.69,BRITANNIA
2019Q2,10.41,2554.16,9.8,437.74,17.14,250.21,BRITANNIA
2019Q3,20.5,2867.31,17.18,635.55,22.17,492.58,BRITANNIA
2019Q4,14.99,2769.31,13.01,546.35,19.73,360.35,BRITANNIA
2020Q1,15.85,2629.79,14.49,505.48,19.22,381.16,BRITANNIA
2020Q2,21.45,3179.61,16.22,759.09,23.87,515.87,BRITANNIA
2020Q3,19.21,3161.44,14.62,692.1,21.89,462.31,BRITANNIA
2020Q4,17.79,2916.1,14.69,648.49,22.24,428.39,BRITANNIA
2021Q1,14.67,2856.5,12.37,544.34,19.06,353.46,BRITANNIA
2021Q2,19.34,3182.37,14.64,675.71,21.23,465.88,BRITANNIA
2021Q3,15.25,3369.53,10.9,581.92,17.27,367.31,BRITANNIA
2021Q4,14.8,3327.42,10.72,565.88,17.01,356.57,BRITANNIA
2022Q1,17.16,3289.72,12.57,625.08,19.0,413.43,BRITANNIA
2022Q2,13.35,3470.37,9.27,523.01,15.07,321.66,BRITANNIA
2022Q3,20.45,4144.65,11.88,753.21,18.17,492.55,BRITANNIA
2022Q4,31.84,3911.4,19.61,1065.98,27.25,766.93,BRITANNIA
2023Q1,23.17,3758.7,14.85,847.92,22.56,558.16,BRITANNIA
2023Q2,18.39,3824.27,11.59,718.79,18.8,443.05,BRITANNIA
2023Q3,23.68,4220.26,13.52,894.12,21.19,570.49,BRITANNIA
2023Q4,22.35,4031.41,13.35,839.57,20.83,538.36,BRITANNIA
2024Q1,22.01,3862.93,13.72,825.55,21.37,530.15,BRITANNIA
2024Q2,20.84,3967.38,12.66,770.94,19.43,502.08,BRITANNIA
2024Q3,21.36,4391.88,11.71,798.06,18.17,514.41,BRITANNIA
2024Q4,23.13,4281.06,13.01,870.26,20.33,557.13,BRITANNIA
2025Q1,23.13,4218.9,13.2,850.28,20.15,557.1,BRITANNIA
2025Q2,20.69,4357.64,11.43,774.76,17.78,498.27,BRITANNIA
2025Q3,28.64,4567.76,15.1,1024.44,22.43,689.95,BRITANNIA
2015Q4,6.07,948.35,17.41,248.47,26.2,165.11,COLGATE
2016Q1,5.27,1007.88,14.21,252.7,25.07,143.27,COLGATE
2016Q2,4.62,1005.59,12.5,221.35,22.01,125.72,COLGATE
2016Q3,6.67,1048.32,17.3,286.04,27.29,181.31,COLGATE
2016Q4,4.7,864.98,14.78,224.96,26.01,127.82,COLGATE
2017Q1,5.24,1032.58,13.81,252.32,24.44,142.58,COLGATE
2017Q2,5.01,969.43,14.07,234.27,24.17,136.38,COLGATE
2017Q3,6.53,1077.98,16.47,309.46,28.71,177.57,COLGATE
2017Q4,6.27,1026.97,16.62,291.46,28.38,170.65,COLGATE
2018Q1,6.94,1085.06,17.4,304.35,28.05,188.77,COLGATE
2018Q2,6.97,1033.55,18.34,324.87,31.43,189.51,COLGATE
2018Q3,7.22,1160.63,16.92,338.21,29.14,196.37,COLGATE
2018Q4,7.06,1091.63,17.6,322.37,29.53,192.1,COLGATE
2019Q1,7.26,1146.63,17.23,318.78,27.8,197.59,COLGATE
2019Q2,6.22,1075.99,15.72,314.97,29.27,169.11,COLGATE
2019Q3,8.97,1213.21,20.12,331.6,27.33,244.11,COLGATE
2019Q4,7.32,1136.02,17.53,321.85,28.33,199.1,COLGATE
2020Q1,7.51,1062.35,19.22,282.51,26.59,204.15,COLGATE
2020Q2,7.29,1033.6,19.17,314.26,30.4,198.18,COLGATE
2020Q3,10.08,1277.66,21.46,416.86,32.63,274.19,COLGATE
2020Q4,9.13,1224.21,20.29,380.49,31.08,248.36,COLGATE
2021Q1,11.57,1275.01,24.68,428.37,33.6,314.66,COLGATE
2021Q2,8.58,1157.86,20.14,360.43,31.13,233.23,COLGATE
2021Q3,9.9,1343.96,20.03,407.27,30.3,269.17,COLGATE
2021Q4,9.28,1271.29,19.85,386.23,30.38,252.33,COLGATE
2022Q1,11.9,1293.35,25.02,438.28,33.89,323.57,COLGATE
2022Q2,7.71,1186.59,17.67,327.87,27.63,209.67,COLGATE
2022Q3,10.22,1378.37,20.17,419.27,30.42,278.02,COLGATE
2022Q4,8.94,1281.21,18.99,371.86,29.02,243.24,COLGATE
2023Q1,11.63,1341.69,23.57,470.38,35.06,316.22,COLGATE
2023Q2,10.06,1314.73,20.82,413.59,31.46,273.68,COLGATE
2023Q3,12.5,1462.38,23.25,503.14,34.41,340.05,COLGATE
2023Q4,12.14,1386.41,23.81,486.28,35.07,330.11,COLGATE
2024Q1,13.96,1480.66,25.65,554.82,37.47,379.82,COLGATE
2024Q2,13.38,1485.76,24.5,531.74,35.79,363.98,COLGATE
2024Q3,14.52,1609.21,24.55,573.33,35.63,395.05,COLGATE
2024Q4,11.87,1452.21,22.23,474.76,32.69,322.78,COLGATE
2025Q1,13.05,1452.02,24.45,517.07,35.61,355.0,COLGATE
2025Q2,11.79,1420.64,22.57,470.51,33.12,320.62,COLGATE
2025Q3,12.04,1507.24,21.73,480.46,31.88,327.51,COLGATE
2015Q4,0.0,810.05,5.08,83.81,10.35,41.18,CROMPTON
2016Q1,0.0,1001.63,6.65,119.52,11.93,66.61,CROMPTON
2016Q2,1.49,1096.19,8.52,160.73,14.66,93.45,CROMPTON
2016Q3,0.92,873.73,6.57,104.85,12.0,57.43,CROMPTON
2016Q4,0.87,879.23,6.18,102.26,11.63,54.35,CROMPTON
2017Q1,1.24,1046.3,7.45,133.77,12.79,77.94,CROMPTON
2017Q2,1.28,1055.45,7.61,139.09,13.18,80.27,CROMPTON
2017Q3,1.13,959.71,7.38,124.23,12.94,70.8,CROMPTON
2017Q4,1.11,938.19,7.41,123.09,13.12,69.5,CROMPTON
2018Q1,1.65,1126.31,9.16,175.38,15.57,103.22,CROMPTON
2018Q2,1.66,1203.89,8.66,176.1,14.63,104.27,CROMPTON
2018Q3,1.23,1037.83,7.41,133.75,12.89,76.91,CROMPTON
2018Q4,1.27,1030.31,7.73,138.45,13.44,79.67,CROMPTON
2019Q1,2.26,1206.88,11.74,185.75,15.39,141.67,CROMPTON
2019Q2,1.96,1346.84,9.1,209.38,15.55,122.6,CROMPTON
2019Q3,1.78,1075.79,10.34,141.75,13.18,111.27,CROMPTON
2019Q4,2.57,1071.29,15.03,154.25,14.4,161.02,CROMPTON
2020Q1,1.59,1018.05,9.8,150.35,14.77,99.81,CROMPTON
2020Q2,1.18,713.17,10.34,117.58,16.49,73.71,CROMPTON
2020Q3,2.19,1198.39,11.44,202.52,16.9,137.08,CROMPTON
2020Q4,2.35,1323.13,11.14,215.05,16.25,147.43,CROMPTON
2021Q1,3.93,1515.26,16.27,245.17,16.18,246.52,CROMPTON
2021Q2,1.48,1046.15,8.9,142.46,13.62,93.12,CROMPTON
2021Q3,2.72,1384.81,12.31,242.57,17.52,170.48,CROMPTON
2021Q4,2.36,1410.19,10.5,215.39,15.27,148.12,CROMPTON
2022Q1,2.89,1532.05,11.86,240.33,15.69,181.76,CROMPTON
2022Q2,2.01,1608.05,7.93,204.21,12.7,127.52,CROMPTON
2022Q3,2.08,1331.61,9.91,184.66,13.87,131.95,CROMPTON
2022Q4,1.33,1265.81,6.66,149.45,11.81,84.34,CROMPTON
2023Q1,2.07,1603.84,8.21,212.91,13.28,131.75,CROMPTON
2023Q2,1.81,1657.46,6.96,184.31,11.12,115.32,CROMPTON
2023Q3,1.48,1476.17,6.42,163.04,11.04,94.79,CROMPTON
2023Q4,1.49,1458.13,6.54,161.99,11.11,95.37,CROMPTON
2024Q1,2.52,1796.62,8.96,239.7,13.34,160.97,CROMPTON
2024Q2,2.45,1959.46,8.04,244.28,12.47,157.62,CROMPTON
2024Q3,1.92,1645.33,7.49,195.8,11.9,123.28,CROMPTON
2024Q4,1.74,1545.0,7.23,181.24,11.73,111.74,CROMPTON
2025Q1,2.65,1878.5,9.08,261.27,13.91,170.54,CROMPTON
2025Q2,1.94,1818.71,6.88,199.77,10.98,125.15,CROMPTON
2025Q3,1.09,1631.73,4.3,125.51,7.69,70.1,CROMPTON
2015Q4,1.41,1369.96,18.12,339.37,24.77,248.19,DABUR
2016Q1,1.63,1432.97,20.04,392.26,27.37,287.14,DABUR
2016Q2,1.13,1299.5,15.27,277.72,21.37,198.37,DABUR
2016Q3,1.53,1351.58,19.88,370.97,27.45,268.72,DABUR
2016Q4,1.3,1283.96,17.84,318.82,24.83,229.01,DABUR
2017Q1,1.72,1434.8,21.06,418.5,29.17,302.23,DABUR
2017Q2,0.96,1233.74,13.75,250.65,20.32,169.59,DABUR
2017Q3,1.61,1416.39,20.01,395.02,27.89,283.41,DABUR
2017Q4,1.51,1449.31,18.32,370.46,25.56,265.47,DABUR
2018Q1,2.01,1509.62,23.42,481.39,31.89,353.58,DABUR
2018Q2,1.31,1473.1,15.65,325.09,22.07,230.56,DABUR
2018Q3,1.74,1537.2,19.99,427.2,27.79,307.26,DABUR
2018Q4,1.77,1664.46,18.75,432.9,26.01,312.14,DABUR
2019Q1,2.35,1598.43,25.92,456.79,28.58,414.33,DABUR
2019Q2,1.46,1628.27,15.83,363.75,22.34,257.81,DABUR
2019Q3,1.84,1612.2,20.19,409.96,25.43,325.54,DABUR
2019Q4,1.87,1748.18,18.88,438.81,25.1,330.0,DABUR
2020Q1,1.45,1321.15,19.45,345.15,26.12,257.0,DABUR
2020Q2,1.64,1490.89,19.41,392.28,26.31,289.43,DABUR
2020Q3,2.22,1900.9,20.66,519.43,27.33,392.68,DABUR
2020Q4,2.26,2071.08,19.29,520.95,25.15,399.51,DABUR
2021Q1,1.7,1721.86,17.44,403.19,23.42,300.27,DABUR
2021Q2,1.99,1982.84,17.77,508.5,25.65,352.39,DABUR
2021Q3,2.24,2119.89,18.64,577.54,27.24,395.16,DABUR
2021Q4,2.23,2224.43,17.7,567.78,25.52,393.62,DABUR
2022Q1,1.65,1852.34,15.75,421.55,22.76,291.76,DABUR
2022Q2,1.98,2179.73,16.06,511.93,23.49,350.08,DABUR
2022Q3,2.23,2266.88,17.46,580.08,25.59,395.81,DABUR
2022Q4,2.23,2298.26,17.16,582.45,25.34,394.34,DABUR
2023Q1,1.32,1939.48,12.02,388.87,20.05,233.03,DABUR
2023Q2,2.13,2347.38,16.09,561.45,23.92,377.67,DABUR
2023Q3,2.37,2334.4,18.0,611.11,26.18,420.27,DABUR
2023Q4,2.42,2414.36,17.73,633.38,26.23,428.12,DABUR
2024Q1,1.6,2039.46,13.88,450.76,22.1,283.15,DABUR
2024Q2,2.29,2514.16,16.12,606.55,24.13,405.39,DABUR
2024Q3,1.86,2143.58,15.36,521.67,24.34,329.21,DABUR
2024Q4,2.36,2448.26,17.08,627.86,25.65,418.08,DABUR
2025Q1,1.41,1964.71,12.75,402.77,20.5,250.54,DABUR
2025Q2,2.3,2469.51,16.5,601.14,24.34,407.41,DABUR
2025Q3,1.97,2234.77,15.6,530.47,23.74,348.68,DABUR
2015Q4,2.89,673.5,19.47,249.4,37.03,131.15,EMAMI
2016Q1,1.55,539.11,12.99,181.49,33.66,70.04,EMAMI
2016Q2,1.09,594.43,8.27,142.39,23.95,49.17,EMAMI
2016Q3,1.95,525.62,16.83,202.89,38.6,88.48,EMAMI
2016Q4,3.09,670.15,20.9,267.55,39.92,140.07,EMAMI
2017Q1,1.51,520.71,13.18,171.37,32.91,68.65,EMAMI
2017Q2,0.14,487.68,1.29,88.45,18.14,6.3,EMAMI
2017Q3,2.29,580.51,17.9,206.98,35.65,103.94,EMAMI
2017Q4,3.29,716.89,20.79,269.82,37.64,149.07,EMAMI
2018Q1,1.11,568.91,8.83,162.47,28.56,50.21,EMAMI
2018Q2,0.89,574.88,7.01,134.74,23.44,40.32,EMAMI
2018Q3,1.73,572.43,13.73,183.73,32.1,78.6,EMAMI
2018Q4,3.04,758.95,18.16,257.02,33.87,137.8,EMAMI
2019Q1,1.07,581.58,8.34,158.34,27.23,48.53,EMAMI
2019Q2,1.82,588.55,14.03,178.75,30.37,82.56,EMAMI
2019Q3,2.11,592.12,16.16,201.94,34.1,95.67,EMAMI
2019Q4,3.26,748.28,19.77,267.25,35.72,147.91,EMAMI
2020Q1,-0.82,460.45,-8.04,34.92,7.58,-37.02,EMAMI
2020Q2,1.49,434.59,15.46,157.51,36.24,67.19,EMAMI
2020Q3,2.58,653.86,17.51,254.07,38.86,114.52,EMAMI
2020Q4,4.55,845.37,23.91,336.51,39.81,202.17,EMAMI
2021Q1,2.05,648.46,14.07,199.28,30.73,91.25,EMAMI
2021Q2,2.09,608.09,15.29,194.57,32.0,92.97,EMAMI
2021Q3,4.1,711.89,25.62,303.52,42.64,182.36,EMAMI
2021Q4,4.75,875.3,24.12,339.0,38.73,211.12,EMAMI
2022Q1,8.21,671.59,54.23,183.03,27.25,364.23,EMAMI
2022Q2,2.19,688.22,14.02,196.84,28.6,96.52,EMAMI
2022Q3,3.24,685.11,20.98,190.72,27.84,143.72,EMAMI
2022Q4,5.09,835.55,26.88,280.8,33.61,224.62,EMAMI
2023Q1,2.46,697.95,15.57,157.08,22.51,108.64,EMAMI
2023Q2,2.93,697.88,18.49,181.3,25.98,129.02,EMAMI
2023Q3,3.75,701.2,23.33,217.34,31.0,163.58,EMAMI
2023Q4,5.71,813.06,30.63,302.07,37.15,249.04,EMAMI
2024Q1,3.48,709.43,21.39,214.62,30.25,151.75,EMAMI
2024Q2,4.03,755.3,23.3,238.35,31.56,175.98,EMAMI
2024Q3,4.9,709.01,30.2,260.82,36.79,214.1,EMAMI
2024Q4,6.4,878.64,31.8,338.3,38.5,279.41,EMAMI
2025Q1,4.35,780.6,24.31,257.25,32.96,189.73,EMAMI
2025Q2,3.74,756.46,21.56,221.48,29.28,163.09,EMAMI
2025Q3,4.17,604.47,30.17,221.47,36.64,182.34,EMAMI
2016Q1,2.05,1134.06,18.47,297.1,26.2,209.51,GODREJ
2016Q2,1.48,1042.43,14.66,221.19,21.22,152.86,GODREJ
2016Q3,2.07,1224.42,17.36,298.41,24.37,212.57,GODREJ
2016Q4,2.26,1179.81,19.63,324.3,27.49,231.55,GODREJ
2017Q1,2.45,1226.14,20.45,356.0,29.03,250.73,GODREJ
2017Q2,1.46,1091.66,13.7,221.02,20.25,149.56,GODREJ
2017Q3,2.93,1346.72,19.02,357.46,26.54,256.11,GODREJ
2017Q4,2.93,1394.74,21.44,414.01,29.68,299.07,GODREJ
2018Q1,2.89,1329.3,22.2,411.71,30.97,295.13,GODREJ
2018Q2,2.15,1278.54,17.24,310.64,24.3,220.45,GODREJ
2018Q3,2.89,1480.7,19.98,415.16,28.04,295.78,GODREJ
2018Q4,3.24,1472.31,22.54,460.83,31.3,331.89,GODREJ
2019Q1,8.87,1325.24,68.43,420.38,31.72,906.86,GODREJ
2019Q2,2.35,1289.81,18.61,326.34,25.3,240.06,GODREJ
2019Q3,3.27,1490.45,22.45,421.85,28.3,334.57,GODREJ
2019Q4,3.57,1491.8,24.46,463.88,31.1,364.91,GODREJ
2020Q1,2.35,1089.21,22.07,326.9,30.01,240.35,GODREJ
2020Q2,2.66,1358.35,20.0,382.97,28.19,271.66,GODREJ
2020Q3,3.43,1650.43,21.24,486.31,29.47,350.6,GODREJ
2020Q4,3.44,1658.3,21.19,483.56,29.16,351.38,GODREJ
2021Q1,2.45,1466.36,17.1,349.27,23.82,250.7,GODREJ
2021Q2,3.18,1621.17,20.07,450.1,27.76,325.37,GODREJ
2021Q3,3.48,1809.09,19.69,469.91,25.97,356.26,GODREJ
2021Q4,3.72,1785.18,21.29,491.52,27.53,380.0,GODREJ
2022Q1,4.08,1603.88,26.03,441.92,27.55,417.53,GODREJ
2022Q2,3.12,1813.71,17.62,435.92,24.03,319.53,GODREJ
2022Q3,3.21,1952.97,16.8,436.99,22.38,328.19,GODREJ
2022Q4,4.48,1974.94,23.21,576.65,29.2,458.46,GODREJ
2023Q1,3.98,1789.18,22.78,531.09,29.68,407.51,GODREJ
2023Q2,3.82,1971.12,19.81,601.01,30.49,390.48,GODREJ
2023Q3,4.74,2129.06,22.77,713.72,33.52,484.87,GODREJ
2023Q4,4.62,2160.19,21.88,697.29,32.28,472.58,GODREJ
2024Q1,-6.85,2007.49,-34.91,-466.21,-23.22,-700.91,GODREJ
2024Q2,3.6,2139.54,17.19,596.02,27.86,367.84,GODREJ
2024Q3,3.84,2277.7,17.23,633.84,27.83,392.54,GODREJ
2024Q4,3.34,2237.15,15.27,575.36,25.72,341.54,GODREJ
2025Q1,2.43,2159.97,11.5,542.95,25.14,248.49,GODREJ
2025Q2,3.47,2306.99,15.37,567.66,24.61,354.69,GODREJ
2025Q3,3.48,2362.22,15.08,566.32,23.97,356.25,GODREJ
2025Q4,3.74,2484.08,15.42,593.43,23.89,383.06,GODREJ
2016Q1,5.86,1459.69,25.06,453.93,31.1,365.74,HAVELLS
2016Q2,2.33,1466.81,9.92,231.84,15.81,145.58,HAVELLS
2016Q3,2.33,1452.24,10.04,235.69,16.23,145.79,HAVELLS
2016Q4,2.45,1506.01,10.16,238.3,15.82,152.97,HAVELLS
2017Q1,1.52,1710.2,5.54,194.78,11.39,94.7,HAVELLS
2017Q2,1.94,1860.54,6.52,207.24,11.14,121.38,HAVELLS
2017Q3,2.74,1777.36,9.62,285.6,16.07,171.02,HAVELLS
2017Q4,3.11,1965.77,9.89,310.96,15.82,194.36,HAVELLS
2018Q1,3.61,2534.9,8.91,374.39,14.77,225.76,HAVELLS
2018Q2,3.37,2596.34,8.1,341.47,13.15,210.4,HAVELLS
2018Q3,2.86,2190.99,8.15,296.83,13.55,178.62,HAVELLS
2018Q4,3.13,2518.43,7.77,327.64,13.01,195.67,HAVELLS
2019Q1,3.21,2753.49,7.29,345.94,12.56,200.62,HAVELLS
2019Q2,2.81,2712.66,6.49,317.59,11.71,176.07,HAVELLS
2019Q3,2.88,2230.55,8.08,264.1,11.84,180.31,HAVELLS
2019Q4,3.19,2269.87,8.79,292.87,12.9,199.47,HAVELLS
2020Q1,2.83,2216.13,8.0,264.84,11.95,177.22,HAVELLS
2020Q2,1.01,1479.12,4.28,163.07,11.02,63.34,HAVELLS
2020Q3,5.19,2451.76,13.25,499.91,20.39,324.9,HAVELLS
2020Q4,5.58,3165.85,11.03,547.24,17.29,349.13,HAVELLS
2021Q1,4.83,3331.19,9.07,542.86,16.3,302.27,HAVELLS
2021Q2,3.74,2598.2,9.02,387.3,14.91,234.3,HAVELLS
2021Q3,4.81,3221.03,9.36,476.9,14.81,301.56,HAVELLS
2021Q4,4.88,3652.25,8.38,489.14,13.39,305.92,HAVELLS
2022Q1,5.64,4417.05,7.99,564.69,12.78,352.95,HAVELLS
2022Q2,3.87,4230.14,5.73,408.37,9.65,242.43,HAVELLS
2022Q3,2.98,3668.94,5.09,330.4,9.01,186.87,HAVELLS
2022Q4,4.53,4119.71,6.89,463.63,11.25,283.94,HAVELLS
2023Q1,5.77,4849.59,7.46,577.58,11.91,361.71,HAVELLS
2023Q2,4.59,4823.7,5.96,467.07,9.68,287.38,HAVELLS
2023Q3,3.97,3891.24,6.4,425.88,10.94,249.1,HAVELLS
2023Q4,4.59,4400.62,6.54,488.55,11.1,287.87,HAVELLS
2024Q1,7.16,5434.34,8.26,712.52,13.11,448.86,HAVELLS
2024Q2,6.56,5798.11,7.09,653.23,11.27,411.18,HAVELLS
2024Q3,4.35,4532.99,6.01,472.78,10.43,272.59,HAVELLS
2024Q4,4.51,4882.5,5.79,495.67,10.15,282.81,HAVELLS
2025Q1,8.33,6532.21,8.0,829.37,12.7,522.26,HAVELLS
2025Q2,5.62,5437.81,6.48,588.97,10.83,352.34,HAVELLS
2025Q3,5.06,4766.63,6.66,528.02,11.08,317.48,HAVELLS
2025Q4,4.8,5573.44,5.41,521.7,9.36,301.36,HAVELLS
2015Q4,4.42,7605.82,12.78,1495.64,19.66,971.66,HUL
2016Q1,5.07,7585.0,14.69,1624.0,21.41,1114.0,HUL
2016Q2,5.33,7987.0,14.7,1814.0,22.71,1174.0,HUL
2016Q3,4.98,7697.0,14.24,1676.0,21.77,1096.0,HUL
2016Q4,4.72,7512.0,13.82,1591.0,21.18,1038.0,HUL
2017Q1,5.38,8100.0,14.6,1733.0,21.4,1183.0,HUL
2017Q2,5.83,8401.0,15.27,1966.0,23.4,1283.0,HUL
2017Q3,5.8,8199.0,15.56,1922.0,23.44,1276.0,HUL
2017Q4,6.03,8323.0,15.93,1811.0,21.76,1326.0,HUL
2018Q1,6.14,9003.0,15.01,2084.0,23.15,1351.0,HUL
2018Q2,6.94,9356.0,16.34,2327.0,24.87,1529.0,HUL
2018Q3,6.93,9138.0,16.69,2289.0,25.05,1525.0,HUL
2018Q4,6.56,9357.0,15.43,2090.0,22.34,1444.0,HUL
2019Q1,6.99,9809.0,15.68,2368.0,24.14,1538.0,HUL
2019Q2,7.98,9984.0,17.58,2801.0,28.05,1755.0,HUL
2019Q3,8.4,9708.0,19.04,2576.0,26.53,1848.0,HUL
2019Q4,7.35,9696.0,16.67,2486.0,25.64,1616.0,HUL
2020Q1,6.91,8885.0,17.1,2273.0,25.58,1519.0,HUL
2020Q2,7.88,10406.0,18.08,2682.0,25.77,1881.0,HUL
2020Q3,8.41,11276.0,17.82,2939.0,26.06,2009.0,HUL
2020Q4,8.05,11682.0,16.44,2909.0,24.9,1921.0,HUL
2021Q1,8.97,11947.0,17.94,3080.0,25.78,2143.0,HUL
2021Q2,8.63,11730.0,17.57,2888.0,24.62,2061.0,HUL
2021Q3,9.16,12516.0,17.47,3245.0,25.93,2187.0,HUL
2021Q4,9.39,12900.0,17.39,3304.0,25.61,2243.0,HUL
2022Q1,9.74,13190.0,17.64,3425.0,25.97,2327.0,HUL
2022Q2,9.58,14016.0,16.33,3372.0,24.06,2289.0,HUL
2022Q3,10.95,14514.0,18.02,3464.0,23.87,2616.0,HUL
2022Q4,10.5,14986.0,16.72,3663.0,24.44,2505.0,HUL
2023Q1,10.68,14638.0,17.43,3711.0,25.35,2552.0,HUL
2023Q2,10.35,14931.0,16.56,3669.0,24.57,2472.0,HUL
2023Q3,11.37,15027.0,18.08,3972.0,26.43,2717.0,HUL
2023Q4,10.54,14928.0,16.87,3795.0,25.42,2519.0,HUL
2024Q1,10.08,14693.0,16.38,3638.0,24.76,2406.0,HUL
2024Q2,10.62,15166.0,16.73,3815.0,25.15,2538.0,HUL
2024Q3,10.94,15319.0,17.05,3940.0,25.72,2612.0,HUL
2024Q4,12.56,15195.0,19.75,4391.0,28.9,3001.0,HUL
2025Q1,10.44,15000.0,16.62,3742.0,24.95,2493.0,HUL
2025Q2,11.44,15747.0,17.35,3678.0,23.36,2732.0,HUL
2025Q3,11.26,15418,17.45,3975,25.78,2690,HUL
2015Q4,1.96,8792.99,28.47,4123.59,46.9,2503.76,ITC
2016Q1,1.24,9756.7,24.4,3976.28,40.75,2380.68,ITC
2016Q2,1.24,9957.66,23.95,3946.75,39.64,2384.67,ITC
2016Q3,1.96,9535.47,26.22,4105.38,43.05,2500.03,ITC
2016Q4,2.06,9149.31,28.93,4234.33,46.28,2646.73,ITC
2017Q1,2.08,10999.47,24.27,4277.49,38.89,2669.47,ITC
2017Q2,2.0,9876.45,25.93,4223.17,42.76,2560.5,ITC
2017Q3,2.05,10226.41,25.81,4255.72,41.61,2639.84,ITC
2017Q4,2.4,9672.57,31.95,4944.32,51.12,3090.2,ITC
2018Q1,2.28,10479.24,27.99,4660.51,44.47,2932.71,ITC
2018Q2,2.19,10722.22,26.29,4605.97,42.96,2818.68,ITC
2018Q3,2.29,11094.89,26.63,4710.09,42.45,2954.67,ITC
2018Q4,2.48,11340.15,28.3,5162.16,45.52,3209.07,ITC
2019Q1,2.69,12064.15,28.86,5311.83,44.03,3481.9,ITC
2019Q2,2.45,11361.35,27.94,5185.85,45.64,3173.94,ITC
2019Q3,3.1,11538.02,34.87,5216.7,45.21,4023.1,ITC
2019Q4,3.19,11704.79,35.39,5464.18,46.68,4141.93,ITC
2020Q1,2.92,10722.29,35.41,4919.07,45.88,3797.08,ITC
2020Q2,1.81,8845.18,26.49,3543.4,40.06,2342.76,ITC
2020Q3,2.5,11225.24,28.98,4698.53,41.86,3252.62,ITC
2020Q4,2.84,11880.27,31.04,5286.54,44.5,3687.88,ITC
2021Q1,2.88,13161.11,28.48,5245.01,39.85,3748.41,ITC
2021Q2,2.32,12142.43,24.82,4421.15,36.41,3013.49,ITC
2021Q3,2.84,12533.6,29.5,5292.03,42.22,3697.18,ITC
2021Q4,3.19,15689.29,26.49,5912.01,37.68,4156.2,ITC
2022Q1,3.22,15331.48,27.34,5898.44,38.47,4190.96,ITC
2022Q2,3.2,17133.05,24.34,5960.21,34.79,4169.38,ITC
2022Q3,3.42,15941.53,28.02,6371.23,39.97,4466.06,ITC
2022Q4,3.84,16082.4,31.28,7094.94,44.12,5031.01,ITC
2023Q1,3.88,16115.9,31.56,7028.57,43.61,5086.86,ITC
2023Q2,3.73,15675.64,31.28,6958.8,44.39,4902.74,ITC
2023Q3,3.75,16393.74,30.05,6937.23,42.32,4926.96,ITC
2023Q4,3.84,15532.81,35.87,7026.19,45.23,5572.07,ITC
2024Q1,3.8,15557.96,32.27,6820.84,43.84,5020.2,ITC
2024Q2,3.76,16237.03,30.29,6882.83,42.39,4917.45,ITC
2024Q3,4.23,18476.61,27.49,7099.48,38.42,5078.34,ITC
2024Q4,4.27,16818.04,33.53,7659.85,45.55,5638.25,ITC
2025Q1,15.64,17020.32,114.93,21468.7,126.14,19561.57,ITC
2025Q2,3.93,19601.88,25.06,6923.35,35.32,4912.36,ITC
2025Q3,4.13,17787.63,29.12,7238.06,40.69,5179.82,ITC
2015Q4,0.45,633.76,4.63,75.3,11.88,29.34,JUBILANT
2016Q1,0.42,617.84,4.5,74.24,12.02,27.83,JUBILANT
2016Q2,0.29,608.92,3.12,60.82,9.99,19.0,JUBILANT
2016Q3,0.33,665.54,3.24,68.56,10.3,21.57,JUBILANT
2016Q4,0.3,658.84,3.03,67.59,10.26,19.97,JUBILANT
2017Q1,0.1,612.78,1.1,51.92,8.47,6.72,JUBILANT
2017Q2,0.36,678.82,3.51,82.57,12.16,23.84,JUBILANT
2017Q3,0.74,726.64,6.67,105.83,14.56,48.47,JUBILANT
2017Q4,1.0,795.17,8.3,140.22,17.63,66.02,JUBILANT
2018Q1,1.03,779.82,8.73,140.5,18.02,68.07,JUBILANT
2018Q2,1.13,855.06,8.73,149.2,17.45,74.68,JUBILANT
2018Q3,1.18,881.36,8.81,158.37,17.97,77.67,JUBILANT
2018Q4,1.46,929.05,10.39,184.38,19.85,96.51,JUBILANT
2019Q1,1.12,865.2,8.55,154.8,17.89,73.95,JUBILANT
2019Q2,1.13,940.09,7.95,234.32,24.93,74.78,JUBILANT
2019Q3,1.15,988.23,7.68,239.72,24.26,75.93,JUBILANT
2019Q4,1.57,1059.6,9.79,269.48,25.43,103.7,JUBILANT
2020Q1,0.32,897.85,2.34,157.58,17.55,21.05,JUBILANT
2020Q2,-1.1,380.28,-19.1,36.76,9.67,-72.63,JUBILANT
2020Q3,1.17,805.51,9.55,245.8,30.51,76.91,JUBILANT
2020Q4,1.9,1057.23,11.83,294.2,27.83,125.1,JUBILANT
2021Q1,0.32,1025.86,10.17,260.17,25.36,104.3,JUBILANT
2021Q2,0.95,878.99,7.12,213.96,24.34,62.55,JUBILANT
2021Q3,0.37,1100.72,11.04,294.06,26.72,121.53,JUBILANT
2021Q4,0.42,1193.5,11.51,328.23,27.5,137.33,JUBILANT
2022Q1,0.35,1157.89,10.03,301.68,26.05,116.1,JUBILANT
2022Q2,1.53,1240.27,8.14,288.47,23.26,100.96,JUBILANT
2022Q3,1.81,1286.77,9.26,322.78,25.08,119.17,JUBILANT
2022Q4,1.34,1316.64,6.73,299.35,22.74,88.57,JUBILANT
2023Q1,0.72,1252.31,3.8,251.68,20.1,47.53,JUBILANT
2023Q2,1.14,1309.66,5.74,285.47,21.8,75.18,JUBILANT
2023Q3,1.09,1344.83,5.36,287.58,21.38,72.15,JUBILANT
2023Q4,0.92,1355.06,4.5,286.71,21.16,60.95,JUBILANT
2024Q1,0.39,1332.3,1.92,250.86,18.83,25.63,JUBILANT
2024Q2,0.78,1439.56,3.58,285.44,19.83,51.51,JUBILANT
2024Q3,0.79,1466.88,3.55,299.2,20.4,52.06,JUBILANT
2024Q4,0.62,1611.06,2.55,296.32,18.39,41.05,JUBILANT
2025Q1,0.75,1587.17,3.12,312.15,19.67,49.46,JUBILANT
2025Q2,1.01,1701.58,3.92,335.75,19.73,66.7,JUBILANT
2025Q3,0.97,1698.67,3.76,336.74,19.82,63.95,JUBILANT
2016Q1,1.17,1030.77,14.03,232.51,22.56,144.64,MARICO
2016Q2,1.83,1452.45,16.17,336.07,23.14,234.88,MARICO
2016Q3,1.39,1157.21,15.48,255.59,22.09,179.13,MARICO
2016Q4,2.09,1137.64,23.32,371.18,32.63,265.3,MARICO
2017Q1,1.27,1103.46,14.81,255.55,23.16,163.37,MARICO
2017Q2,1.54,1372.78,14.42,273.17,19.9,198.02,MARICO
2017Q3,1.25,1246.28,12.86,229.41,18.41,160.31,MARICO
2017Q4,1.86,1337.59,17.95,324.46,24.26,240.11,MARICO
2018Q1,0.93,1214.0,9.88,201.0,16.56,120.0,MARICO
2018Q2,1.66,1685.0,12.7,305.0,18.1,214.0,MARICO
2018Q3,1.74,1496.0,15.04,316.0,21.12,225.0,MARICO
2018Q4,2.03,1500.0,17.4,366.0,24.4,261.0,MARICO
2019Q1,3.33,1290.0,33.33,315.0,24.42,430.0,MARICO
2019Q2,1.95,1777.0,14.12,356.0,20.03,251.0,MARICO
2019Q3,2.01,1454.0,17.81,363.0,24.97,259.0,MARICO
2019Q4,2.09,1434.0,18.83,362.0,25.24,270.0,MARICO
2020Q1,1.75,1188.0,18.86,321.0,27.02,224.0,MARICO
2020Q2,1.97,1516.0,16.82,351.0,23.15,255.0,MARICO
2020Q3,2.42,1550.0,20.26,392.0,25.29,314.0,MARICO
2020Q4,2.29,1667.0,17.58,381.0,22.86,293.0,MARICO
2021Q1,1.88,1604.0,15.21,315.0,19.64,244.0,MARICO
2021Q2,2.04,2043.0,12.87,370.0,18.11,263.0,MARICO
2021Q3,2.55,1916.0,17.17,424.0,22.13,329.0,MARICO
2021Q4,2.16,1855.0,14.99,373.0,20.11,278.0,MARICO
2022Q1,2.27,1686.0,17.38,373.0,22.12,293.0,MARICO
2022Q2,3.0,1976.0,19.59,514.0,26.01,387.0,MARICO
2022Q3,2.58,1909.0,17.5,439.0,23.0,334.0,MARICO
2022Q4,1.98,1891.0,13.43,375.0,19.83,254.0,MARICO
2023Q1,1.58,1702.0,11.99,309.0,18.16,204.0,MARICO
2023Q2,2.38,1841.0,16.68,440.0,23.9,307.0,MARICO
2023Q3,1.99,1791.0,14.41,377.0,21.05,258.0,MARICO
2023Q4,2.2,1733.0,16.39,399.0,23.02,284.0,MARICO
2024Q1,1.77,1637.0,13.99,325.0,19.85,229.0,MARICO
2024Q2,2.41,1886.0,16.49,446.0,23.65,311.0,MARICO
2024Q3,4.1,1860.0,28.44,647.0,34.78,529.0,MARICO
2024Q4,2.85,1988.0,18.56,480.0,24.14,369.0,MARICO
2025Q1,2.51,1870.0,17.38,461.0,24.65,325.0,MARICO
2025Q2,6.01,2281.0,34.06,923.0,40.46,777.0,MARICO
2025Q3,3.05,2439.0,16.2,518.0,21.24,395.0,MARICO
2025Q4,3.41,2461,17.92,549,22.31,441,MARICO
2015Q4,0.95,1946.44,9.41,355.59,18.27,183.19,NESTLE
2016Q1,1.49,2276.99,12.62,568.17,24.95,287.32,NESTLE
2016Q2,1.25,2233.23,10.76,469.74,21.03,240.22,NESTLE
2016Q3,1.44,2325.19,11.97,520.71,22.39,278.41,NESTLE
2016Q4,1.01,2240.96,8.72,431.34,19.25,195.41,NESTLE
2017Q1,1.59,2475.68,12.39,558.95,22.58,306.76,NESTLE
2017Q2,1.37,2386.54,11.04,502.9,21.07,263.43,NESTLE
2017Q3,1.78,2500.67,13.72,627.04,25.07,343.17,NESTLE
2017Q4,1.62,2589.64,12.04,584.56,22.57,311.83,NESTLE
2018Q1,2.2,2736.84,15.49,753.28,27.52,424.03,NESTLE
2018Q2,2.05,2678.57,14.75,705.27,26.33,395.03,NESTLE
2018Q3,2.31,2921.99,15.27,792.23,27.11,446.11,NESTLE
2018Q4,1.77,2878.83,11.87,625.79,21.74,341.76,NESTLE
2019Q1,2.4,2982.39,15.52,825.89,27.69,462.74,NESTLE
2019Q2,2.27,2982.83,14.68,785.27,26.33,437.79,NESTLE
2019Q3,3.09,3199.31,18.61,822.82,25.72,595.27,NESTLE
2019Q4,2.45,3130.74,15.1,738.78,23.6,472.64,NESTLE
2020Q1,2.73,3305.78,15.89,836.16,25.29,525.43,NESTLE
2020Q2,2.52,3041.45,16.0,785.49,25.83,486.6,NESTLE
2020Q3,3.04,3525.41,16.65,918.06,26.04,587.09,NESTLE
2020Q4,2.51,3417.52,14.14,807.64,23.63,483.31,NESTLE
2021Q1,3.12,3600.2,16.73,959.52,26.65,602.25,NESTLE
2021Q2,2.79,3462.35,15.56,877.47,25.34,538.58,NESTLE
2021Q3,3.2,3864.97,15.97,981.65,25.4,617.37,NESTLE
2021Q4,1.97,3714.86,10.22,649.55,17.49,379.48,NESTLE
2022Q1,3.06,3962.84,14.91,942.39,23.78,590.77,NESTLE
2022Q2,2.65,4015.98,12.71,833.9,20.76,510.24,NESTLE
2022Q3,3.43,4577.44,14.45,1034.72,22.6,661.46,NESTLE
2022Q4,3.26,4233.27,14.84,1002.56,23.68,628.06,NESTLE
2023Q1,3.82,4808.4,15.32,1129.17,23.48,736.64,NESTLE
2023Q2,3.62,4619.5,15.12,1079.47,23.37,698.34,NESTLE
2023Q3,4.71,5009.52,18.13,1364.56,27.24,908.08,NESTLE
2023Q4,3.53,4583.63,14.3,1018.12,22.21,655.61,NESTLE
2024Q1,4.85,5254.43,17.78,1386.88,26.39,934.17,NESTLE
2024Q2,3.87,4792.97,15.58,1153.45,24.07,746.6,NESTLE
2024Q3,5.12,5074.76,19.44,1465.41,28.88,986.36,NESTLE
2024Q4,3.61,4762.13,14.62,1107.13,23.25,696.13,NESTLE
2025Q1,4.59,5447.64,16.25,1397.4,25.65,885.41,NESTLE
2025Q2,3.42,5073.96,12.99,1104.3,21.76,659.23,NESTLE
2025Q3,3.9,5630.23,13.38,1238.28,21.99,753.2,NESTLE
2015Q4,46.63,439.32,11.84,83.47,19.0,52.01,PAGE
2016Q1,50.8,440.55,12.86,93.57,21.24,56.67,PAGE
2016Q2,60.92,568.57,11.95,115.11,20.25,67.95,PAGE
2016Q3,61.57,534.39,12.85,113.66,21.27,68.67,PAGE
2016Q4,56.38,528.26,11.9,101.13,19.14,62.88,PAGE
2017Q1,59.88,497.32,13.43,107.65,21.65,66.79,PAGE
2017Q2,76.47,696.23,12.25,140.53,20.18,85.3,PAGE
2017Q3,75.36,625.71,13.43,133.33,21.31,84.06,PAGE
2017Q4,74.77,621.03,13.43,134.19,21.61,83.4,PAGE
2018Q1,84.48,608.4,15.49,154.09,25.33,94.22,PAGE
2018Q2,111.56,815.26,15.26,196.45,24.1,124.44,PAGE
2018Q3,83.05,690.76,13.41,153.65,22.24,92.63,PAGE
2018Q4,91.35,738.32,13.8,174.75,23.67,101.89,PAGE
2019Q1,67.23,607.86,12.34,128.38,21.12,74.98,PAGE
2019Q2,99.22,834.96,13.25,192.11,23.01,110.67,PAGE
2019Q3,102.66,775.42,14.77,154.8,19.96,114.51,PAGE
2019Q4,78.02,793.8,10.96,142.27,17.92,87.02,PAGE
2020Q1,27.82,541.29,5.73,68.04,12.57,31.02,PAGE
2020Q2,-35.46,284.83,-13.89,-28.66,-10.06,-39.55,PAGE
2020Q3,99.4,740.31,14.98,169.07,22.84,110.87,PAGE
2020Q4,137.8,927.06,16.58,230.29,24.84,153.7,PAGE
2021Q1,103.61,880.77,13.12,175.37,19.91,115.56,PAGE
2021Q2,9.82,501.54,2.18,37.76,7.53,10.95,PAGE
2021Q3,143.88,1084.01,14.81,238.79,22.03,160.49,PAGE
2021Q4,156.51,1189.8,14.67,257.87,21.67,174.57,PAGE
2022Q1,170.81,1111.11,17.15,272.02,24.48,190.52,PAGE
2022Q2,185.62,1341.27,15.44,301.1,22.45,207.04,PAGE
2022Q3,145.36,1228.21,13.2,240.53,19.58,162.13,PAGE
2022Q4,110.93,1200.01,10.31,194.4,16.2,123.73,PAGE
2023Q1,70.24,964.59,8.12,141.45,14.66,78.35,PAGE
2023Q2,141.98,1229.07,12.88,243.75,19.83,158.36,PAGE
2023Q3,134.73,1125.13,13.36,235.21,20.91,150.28,PAGE
2023Q4,136.59,1225.55,12.43,235.2,19.19,152.35,PAGE
2024Q1,97.01,992.48,10.9,178.06,17.94,108.2,PAGE
2024Q2,148.13,1277.52,12.93,256.25,20.06,165.22,PAGE
2024Q3,175.06,1246.27,15.67,296.01,23.75,195.26,PAGE
2024Q4,183.48,1313.05,15.59,316.56,24.11,204.66,PAGE
2025Q1,147.04,1098.07,14.94,255.36,23.26,164.01,PAGE
2025Q2,180.02,1316.56,15.25,309.5,23.51,200.8,PAGE
2025Q3,174.62,1290.86,15.09,299.01,23.16,194.76,PAGE
2015Q4,45.14,658.84,22.24,236.82,35.94,146.51,PNG
2016Q1,29.9,543.79,17.85,157.0,28.87,97.06,PNG
2016Q2,33.69,533.58,20.5,181.45,34.01,109.37,PNG
2016Q3,32.17,600.42,17.39,173.67,28.92,104.44,PNG
2016Q4,46.4,643.24,23.42,249.41,38.77,150.62,PNG
2017Q1,30.69,573.87,17.36,176.9,30.83,99.63,PNG
2017Q2,24.04,502.87,15.52,141.95,28.23,78.04,PNG
2017Q3,35.6,657.59,17.57,190.99,29.04,115.56,PNG
2017Q4,40.43,704.16,18.64,217.32,30.86,131.24,PNG
2018Q1,25.64,568.89,14.63,140.39,24.68,83.24,PNG
2018Q2,13.72,524.65,8.49,90.76,17.3,44.55,PNG
2018Q3,44.4,791.8,18.2,233.12,29.44,144.11,PNG
2018Q4,38.24,818.07,15.17,202.89,24.8,124.12,PNG
2019Q1,27.76,699.34,12.89,152.08,21.75,90.11,PNG
2019Q2,18.73,637.64,9.53,74.5,11.68,60.79,PNG
2019Q3,42.16,852.14,16.06,193.19,22.67,136.84,PNG
2019Q4,41.88,859.27,15.82,195.72,22.78,135.93,PNG
2020Q1,28.07,656.05,13.89,139.05,21.2,91.1,PNG
2020Q2,21.32,634.53,10.91,119.86,18.89,69.21,PNG
2020Q3,78.21,1009.45,25.15,347.86,34.46,253.86,PNG
2020Q4,77.21,1018.44,24.61,351.76,34.54,250.62,PNG
2021Q1,30.29,758.88,12.96,143.44,18.9,98.33,PNG
2021Q2,15.09,785.58,6.23,80.6,10.26,48.98,PNG
2021Q3,67.25,1056.05,20.67,307.12,29.08,218.29,PNG
2021Q4,65.33,1091.26,19.43,303.33,27.8,212.06,PNG
2022Q1,31.68,889.49,11.56,171.04,19.23,102.85,PNG
2022Q2,13.11,755.65,5.63,72.72,9.62,42.55,PNG
2022Q3,47.57,1040.92,14.83,220.71,21.2,154.41,PNG
2022Q4,63.91,1134.24,18.29,299.8,26.43,207.47,PNG
2023Q1,50.84,881.31,18.72,163.71,18.58,165.02,PNG
2023Q2,46.59,848.74,17.82,224.99,26.51,151.24,PNG
2023Q3,64.91,1135.06,18.56,300.71,26.49,210.69,PNG
2023Q4,70.51,1130.93,20.24,325.37,28.77,228.9,PNG
2024Q1,47.56,998.15,15.47,270.9,27.14,154.37,PNG
2024Q2,24.97,927.43,8.74,125.65,13.55,81.06,PNG
2024Q3,65.28,1132.73,18.71,298.98,26.39,211.9,PNG
2024Q4,82.74,1246.25,21.55,380.64,30.54,268.59,PNG
2025Q1,48.09,989.13,15.78,228.78,23.13,156.1,PNG
2025Q2,59.17,935.16,20.54,273.86,29.28,192.06,PNG
2025Q3,64.65,1148.85,18.27,294.66,25.65,209.86,PNG
2015Q4,1.02,385.67,6.33,54.67,14.18,24.41,RELAXO
2016Q1,1.37,484.61,6.77,67.63,13.96,32.82,RELAXO
2016Q2,1.54,405.19,9.13,73.01,18.02,36.98,RELAXO
2016Q3,1.13,390.11,6.91,55.75,14.29,26.96,RELAXO
2016Q4,1.01,366.15,6.65,52.6,14.37,24.34,RELAXO
2017Q1,1.32,469.7,6.74,63.16,13.45,31.67,RELAXO
2017Q2,1.56,482.96,7.73,71.67,14.84,37.35,RELAXO
2017Q3,1.34,459.85,6.98,62.96,13.69,32.08,RELAXO
2017Q4,1.59,457.05,8.35,73.51,16.08,38.18,RELAXO
2018Q1,2.23,550.35,9.71,98.41,17.88,53.46,RELAXO
2018Q2,1.91,561.98,8.18,85.3,15.18,45.95,RELAXO
2018Q3,1.64,543.13,7.27,79.81,14.69,39.46,RELAXO
2018Q4,1.44,551.27,6.46,75.64,13.72,35.62,RELAXO
2019Q1,1.1,635.7,8.56,96.54,15.19,54.41,RELAXO
2019Q2,2.01,648.3,7.67,107.66,16.61,49.75,RELAXO
2019Q3,2.84,621.77,11.35,106.37,17.11,70.54,RELAXO
2019Q4,2.18,599.83,9.03,103.78,17.3,54.16,RELAXO
2020Q1,2.09,540.58,9.58,100.19,18.53,51.8,RELAXO
2020Q2,0.98,363.58,6.66,63.9,17.58,24.22,RELAXO
2020Q3,3.02,575.87,13.04,131.94,22.91,75.1,RELAXO
2020Q4,3.63,672.02,13.4,152.67,22.72,90.07,RELAXO
2021Q1,4.11,747.68,13.66,169.75,22.7,102.17,RELAXO
2021Q2,1.25,497.13,6.23,71.44,14.37,30.96,RELAXO
2021Q3,2.76,714.43,9.61,123.89,17.34,68.69,RELAXO
2021Q4,2.82,743.52,9.43,127.1,17.09,70.1,RELAXO
2022Q1,2.53,698.19,9.01,117.04,16.76,62.93,RELAXO
2022Q2,1.55,667.15,5.8,90.29,13.53,38.67,RELAXO
2022Q3,0.9,669.65,3.35,65.09,9.72,22.4,RELAXO
2022Q4,1.21,681.03,4.42,76.67,11.26,30.1,RELAXO
2023Q1,2.55,764.94,8.28,122.3,15.99,63.3,RELAXO
2023Q2,2.26,738.82,7.62,114.82,15.54,56.32,RELAXO
2023Q3,1.78,715.32,6.18,102.06,14.27,44.19,RELAXO
2023Q4,1.55,712.71,5.41,93.16,13.07,38.57,RELAXO
2024Q1,2.46,747.21,8.22,125.41,16.78,61.39,RELAXO
2024Q2,1.78,748.19,5.93,104.33,13.94,44.37,RELAXO
2024Q3,1.48,679.37,5.41,94.3,13.88,36.73,RELAXO
2024Q4,1.32,666.9,4.95,90.19,13.52,33.01,RELAXO
2025Q1,2.26,695.15,8.09,120.14,17.28,56.22,RELAXO
2025Q2,1.96,654.49,7.47,110.77,16.92,48.9,RELAXO
2025Q3,1.46,628.54,5.75,93.42,14.86,36.16,RELAXO
2016Q1,0.1,676.75,0.89,44.21,6.53,6.04,TATA CONSUMER
2016Q2,1.15,820.08,8.93,128.83,15.71,73.26,TATA CONSUMER
2016Q3,1.35,759.12,11.37,135.81,17.89,86.32,TATA CONSUMER
2016Q4,1.14,786.43,9.21,115.18,14.65,72.46,TATA CONSUMER
2017Q1,0.69,696.57,6.31,79.17,11.37,43.96,TATA CONSUMER
2017Q2,2.39,859.44,17.74,224.0,26.06,152.48,TATA CONSUMER
2017Q3,1.88,794.8,15.13,174.67,21.98,120.25,TATA CONSUMER
2017Q4,3.26,848.43,24.57,276.85,32.63,208.43,TATA CONSUMER
2018Q1,0.83,714.65,7.44,88.8,12.43,53.16,TATA CONSUMER
2018Q2,2.32,908.6,16.26,226.85,24.97,147.71,TATA CONSUMER
2018Q3,1.89,847.28,14.2,172.43,20.35,120.3,TATA CONSUMER
2018Q4,1.4,889.73,10.08,135.83,15.27,89.66,TATA CONSUMER
2019Q1,0.83,784.05,6.79,85.67,10.93,53.26,TATA CONSUMER
2019Q2,1.66,1464.04,10.55,265.84,18.16,154.49,TATA CONSUMER
2019Q3,1.66,1427.16,10.87,237.59,16.65,155.13,TATA CONSUMER
2019Q4,1.53,1463.45,9.77,230.86,15.78,142.99,TATA CONSUMER
2020Q1,0.76,1335.31,5.31,135.67,10.16,70.93,TATA CONSUMER
2020Q2,2.49,1605.43,14.47,350.38,21.82,232.31,TATA CONSUMER
2020Q3,1.82,1736.14,9.76,268.0,15.44,169.39,TATA CONSUMER
2020Q4,1.46,1962.73,6.94,215.76,10.99,136.12,TATA CONSUMER
2021Q1,0.88,1850.06,4.42,156.34,8.45,81.69,TATA CONSUMER
2021Q2,3.26,1965.89,15.45,420.15,21.37,303.74,TATA CONSUMER
2021Q3,2.01,1987.5,9.48,292.57,14.72,188.34,TATA CONSUMER
2021Q4,2.01,2030.48,9.23,295.03,14.53,187.48,TATA CONSUMER
2022Q1,2.21,1948.42,10.58,314.87,16.16,206.19,TATA CONSUMER
2022Q2,2.5,2076.88,11.21,349.63,16.83,232.83,TATA CONSUMER
2022Q3,2.46,2130.78,10.77,353.18,16.58,229.52,TATA CONSUMER
2022Q4,2.53,2153.31,11.02,363.51,16.88,237.26,TATA CONSUMER
2023Q1,2.82,2311.59,11.81,404.85,17.51,272.92,TATA CONSUMER
2023Q2,2.72,2420.05,10.85,408.89,16.9,262.56,TATA CONSUMER
2023Q3,2.7,2630.82,9.88,436.6,16.6,259.9,TATA CONSUMER
2023Q4,2.93,2629.17,10.86,450.6,17.14,285.48,TATA CONSUMER
2024Q1,1.54,2772.91,5.41,315.97,11.39,150.07,TATA CONSUMER
2024Q2,1.9,3201.79,5.78,413.3,12.91,185.03,TATA CONSUMER
2024Q3,2.29,3045.76,7.32,348.05,11.43,223.01,TATA CONSUMER
2024Q4,5.76,3200.14,17.81,725.82,22.68,569.81,TATA CONSUMER
2025Q1,2.8,3354.16,8.26,434.67,12.96,276.9,TATA CONSUMER
2025Q2,7.22,3529.05,20.23,879.88,24.93,713.96,TATA CONSUMER
2025Q3,2.88,3595.22,7.93,464.87,12.93,285.19,TATA CONSUMER
2025Q4,3.24,3684.02,8.71,516.38,14.02,320.84,TATA CONSUMER
2015Q4,2.55,3398.39,6.65,325.08,9.57,226.15,TITAN
2016Q1,2.1,2391.49,7.81,234.58,9.81,186.88,TITAN
2016Q2,1.46,2748.67,4.7,208.56,7.59,129.29,TITAN
2016Q3,2.01,2599.02,6.88,279.33,10.75,178.82,TITAN
2016Q4,2.85,3818.62,6.63,378.87,9.92,253.06,TITAN
2017Q1,2.26,3480.51,5.77,297.13,8.54,200.71,TITAN
2017Q2,3.01,3967.02,6.73,406.06,10.24,266.91,TITAN
2017Q3,3.44,3438.96,8.89,464.22,13.5,305.64,TITAN
2017Q4,3.47,4173.59,7.38,463.14,11.1,308.21,TITAN
2018Q1,3.18,3869.33,7.29,394.65,10.2,282.12,TITAN
2018Q2,3.93,4268.56,8.18,530.95,12.44,349.17,TITAN
2018Q3,3.54,4353.39,7.22,493.9,11.35,314.38,TITAN
2018Q4,4.69,5632.45,7.39,645.17,11.45,416.23,TITAN
2019Q1,3.32,4630.93,6.36,440.69,9.52,294.58,TITAN
2019Q2,4.18,4885.0,7.59,621.0,12.71,371.0,TITAN
2019Q3,3.61,4371.0,7.32,544.0,12.45,320.0,TITAN
2019Q4,5.29,6106.0,7.7,755.0,12.36,470.0,TITAN
2020Q1,4.01,4370.0,8.17,644.0,14.74,357.0,TITAN
2020Q2,-3.04,1251.0,-21.58,-207.0,-16.55,-270.0,TITAN
2020Q3,2.24,3892.0,5.11,365.0,9.38,199.0,TITAN
2020Q4,4.72,6912.0,6.06,758.0,10.97,419.0,TITAN
2021Q1,5.96,6991.0,7.57,829.0,11.86,529.0,TITAN
2021Q2,0.69,2780.0,2.19,209.0,7.52,61.0,TITAN
2021Q3,7.22,6921.0,9.26,1004.0,14.51,641.0,TITAN
2021Q4,11.12,9381.0,10.52,1454.0,15.5,987.0,TITAN
2022Q1,5.53,6749.0,7.28,807.0,11.96,491.0,TITAN
2022Q2,8.93,8493.0,9.34,1208.0,14.22,793.0,TITAN
2022Q3,9.66,8134.0,10.54,1294.0,15.91,857.0,TITAN
2022Q4,10.71,10444.0,9.11,1421.0,13.61,951.0,TITAN
2023Q1,8.27,8553.0,8.58,1148.0,13.42,734.0,TITAN
2023Q2,8.76,10103.0,7.69,1202.0,11.9,777.0,TITAN
2023Q3,10.58,9903.0,9.49,1477.0,14.91,940.0,TITAN
2023Q4,11.73,12912.0,8.05,1596.0,12.36,1040.0,TITAN
2024Q1,8.87,10047.0,7.82,1259.0,12.53,786.0,TITAN
2024Q2,8.68,11105.0,6.93,1329.0,11.97,770.0,TITAN
2024Q3,7.95,12268.0,5.75,1260.0,10.27,705.0,TITAN
2024Q4,11.16,16053.0,6.17,1641.0,10.22,990.0,TITAN
2025Q1,9.8,12581.0,6.92,1555.0,12.36,870.0,TITAN
2025Q2,11.61,13040.0,7.9,1739.0,13.34,1030.0,TITAN
2025Q3,11.34,14501,6.94,1729,11.92,1006,TITAN
2015Q4,0.1,374.4,8.72,57.0,15.22,32.65,TRENT
2016Q1,0.6,379.42,5.21,39.56,10.43,19.76,TRENT
2016Q2,0.7,399.52,5.83,49.83,12.47,23.3,TRENT
2016Q3,0.63,439.47,4.79,48.19,10.97,21.07,TRENT
2016Q4,1.12,433.56,8.59,61.59,14.21,37.23,TRENT
2017Q1,0.76,448.37,5.63,46.7,10.42,25.26,TRENT
2017Q2,1.15,494.17,7.72,74.51,15.08,38.15,TRENT
2017Q3,0.87,522.08,5.56,61.04,11.69,29.01,TRENT
2017Q4,1.14,521.32,7.27,72.95,13.99,37.9,TRENT
2018Q1,0.35,528.72,2.21,35.41,6.7,11.66,TRENT
2018Q2,1.15,590.61,6.49,76.67,12.98,38.36,TRENT
2018Q3,0.99,615.92,5.34,71.57,11.62,32.91,TRENT
2018Q4,1.21,656.47,6.14,82.02,12.49,40.28,TRENT
2019Q1,0.48,668.67,2.39,42.14,6.3,15.95,TRENT
2019Q2,1.74,767.19,7.55,199.8,26.04,57.94,TRENT
2019Q3,1.1,818.01,4.68,176.08,21.53,38.29,TRENT
2019Q4,1.57,869.7,6.41,211.78,24.35,55.74,TRENT
2020Q1,0.07,722.78,0.36,127.28,17.61,2.61,TRENT
2020Q2,-3.92,96.33,-144.77,-66.25,-68.77,-139.46,TRENT
2020Q3,-1.35,452.12,-10.64,42.76,9.46,-48.09,TRENT
2020Q4,2.24,725.4,10.98,222.55,30.68,79.66,TRENT
2021Q1,1.6,773.68,7.35,202.65,26.19,56.88,TRENT
2021Q2,-2.36,327.29,-25.59,20.56,6.28,-83.76,TRENT
2021Q3,3.53,1020.42,12.31,303.13,29.71,125.62,TRENT
2021Q4,3.74,1347.76,9.86,321.33,23.84,132.89,TRENT
2022Q1,2.11,1185.26,6.32,254.33,21.46,74.87,TRENT
2022Q2,2.89,1652.86,6.21,345.62,20.91,102.62,TRENT
2022Q3,5.23,1813.61,10.25,435.55,24.02,185.85,TRENT
2022Q4,4.53,2171.51,7.41,408.61,18.82,160.97,TRENT
2023Q1,2.96,2077.21,5.06,341.17,16.42,105.13,TRENT
2023Q2,4.17,2536.43,5.85,415.43,16.38,148.27,TRENT
2023Q3,8.15,2890.72,10.02,611.93,21.17,289.67,TRENT
2023Q4,9.67,3312.48,10.37,699.97,21.13,343.6,TRENT
2024Q1,18.41,3186.93,20.53,1093.88,34.32,654.28,TRENT
2024Q2,9.62,3991.74,8.57,656.66,16.45,342.15,TRENT
2024Q3,11.91,4035.56,10.49,779.32,19.31,423.44,TRENT
2024Q4,13.2,4534.71,10.35,893.96,19.71,469.33,TRENT
2025Q1,9.84,4106.1,8.52,753.43,18.35,349.92,TRENT
2025Q2,11.89,4781.25,8.84,878.58,18.38,422.59,TRENT
2025Q3,12.68,4724.06,9.54,932.45,19.74,450.77,TRENT
2016Q1,0.02,2037.0,0.07,173.5,8.52,1.4,UNITED SPIRITS
2016Q2,0.6,2040.5,2.15,198.2,9.71,43.8,UNITED SPIRITS
2016Q3,1.14,2026.8,4.07,240.0,11.84,82.5,UNITED SPIRITS
2016Q4,2.03,2455.3,6.02,329.2,13.41,147.7,UNITED SPIRITS
2017Q1,-1.43,2025.0,-5.15,-11.4,-0.56,-104.2,UNITED SPIRITS
2017Q2,0.87,1781.8,3.53,187.5,10.52,62.9,UNITED SPIRITS
2017Q3,2.11,1951.3,7.85,333.8,17.11,153.1,UNITED SPIRITS
2017Q4,1.85,2263.3,5.95,283.3,12.52,134.7,UNITED SPIRITS
2018Q1,2.9,2173.7,9.71,431.9,19.87,211.0,UNITED SPIRITS
2018Q2,1.12,2008.8,4.05,216.0,10.75,81.3,UNITED SPIRITS
2018Q3,3.56,2224.9,11.63,459.6,20.66,258.7,UNITED SPIRITS
2018Q4,2.65,2496.9,7.71,391.3,15.67,192.4,UNITED SPIRITS
2019Q1,1.73,2250.0,5.61,289.0,12.84,126.2,UNITED SPIRITS
2019Q2,2.72,2218.4,8.9,405.2,18.27,197.4,UNITED SPIRITS
2019Q3,3.09,2296.2,9.78,429.3,18.7,224.6,UNITED SPIRITS
2019Q4,3.56,2582.5,10.02,441.6,17.1,258.8,UNITED SPIRITS
2020Q1,0.33,1993.8,1.2,276.8,13.88,23.9,UNITED SPIRITS
2020Q2,-2.96,1030.2,-20.9,-143.1,-13.89,-215.3,UNITED SPIRITS
2020Q3,1.76,2145.9,5.98,282.5,13.16,128.4,UNITED SPIRITS
2020Q4,3.16,2488.7,9.24,403.2,16.2,229.9,UNITED SPIRITS
2021Q1,2.3,2224.4,7.52,341.5,15.35,167.3,UNITED SPIRITS
2021Q2,0.95,1615.1,4.28,141.9,8.79,69.1,UNITED SPIRITS
2021Q3,3.76,2446.8,11.17,429.6,17.56,273.4,UNITED SPIRITS
2021Q4,4.27,2880.0,10.79,491.9,17.08,310.8,UNITED SPIRITS
2022Q1,2.61,2500.6,7.6,325.1,13.0,190.1,UNITED SPIRITS
2022Q2,2.68,2194.6,8.88,257.7,11.74,194.9,UNITED SPIRITS
2022Q3,7.46,2904.2,18.67,822.5,28.32,542.3,UNITED SPIRITS
2022Q4,1.52,2781.1,3.97,239.9,8.63,110.5,UNITED SPIRITS
2023Q1,2.8,2493.8,8.18,343.7,13.78,204.0,UNITED SPIRITS
2023Q2,3.27,2172.0,10.96,389.0,17.91,238.0,UNITED SPIRITS
2023Q3,4.69,2865.0,11.9,540.0,18.85,341.0,UNITED SPIRITS
2023Q4,4.79,2989.0,11.61,536.0,17.93,347.0,UNITED SPIRITS
2024Q1,5.28,2666.0,14.4,560.0,21.01,384.0,UNITED SPIRITS
2024Q2,4.11,2352.0,12.71,490.0,20.83,299.0,UNITED SPIRITS
2024Q3,4.61,2843.0,11.78,541.0,19.03,335.0,UNITED SPIRITS
2024Q4,6.5,3432.0,13.78,713.0,20.78,473.0,UNITED SPIRITS
2025Q1,6.2,2946.0,15.31,675.0,22.91,451.0,UNITED SPIRITS
2025Q2,3.55,2549.0,10.12,465.0,18.24,258.0,UNITED SPIRITS
2025Q3,6.49,3170.0,14.89,718.0,22.65,472.0,UNITED SPIRITS
2025Q4,7.27,3683,14.36,752,20.42,529,UNITED SPIRITS
2015Q4,0.93,1085.85,2.84,47.87,4.41,30.79,VOLTAS
2016Q1,3.86,1565.76,8.15,194.46,12.42,127.59,VOLTAS
2016Q2,3.17,1640.05,6.4,152.85,9.32,104.96,VOLTAS
2016Q3,3.81,827.28,15.22,180.68,21.84,125.91,VOLTAS
2016Q4,3.13,1012.6,10.21,151.72,14.98,103.41,VOLTAS
2017Q1,4.59,1882.87,8.07,193.55,10.28,151.91,VOLTAS
2017Q2,4.77,1811.67,8.71,221.15,12.21,157.82,VOLTAS
2017Q3,2.9,899.23,10.69,139.04,15.46,96.11,VOLTAS
2017Q4,2.12,1217.17,5.76,96.23,7.91,70.09,VOLTAS
2018Q1,5.36,1844.61,9.61,253.07,13.72,177.21,VOLTAS
2018Q2,3.87,1975.33,6.49,196.85,9.97,128.12,VOLTAS
2018Q3,4.49,1276.13,11.63,195.57,15.33,148.43,VOLTAS
2018Q4,1.89,1377.03,4.53,100.07,7.27,62.41,VOLTAS
2019Q1,3.79,2029.79,6.18,180.95,8.91,125.51,VOLTAS
2019Q2,4.44,2531.37,5.81,227.44,8.98,147.05,VOLTAS
2019Q3,3.72,1294.33,9.52,173.19,13.38,123.18,VOLTAS
2019Q4,3.08,1385.49,7.37,141.92,10.24,102.1,VOLTAS
2020Q1,5.92,1958.17,10.0,265.44,13.56,195.76,VOLTAS
2020Q2,3.44,1160.71,9.81,150.98,13.01,113.84,VOLTAS
2020Q3,3.1,1336.77,7.67,146.28,10.94,102.47,VOLTAS
2020Q4,4.21,1550.15,8.99,180.74,11.66,139.4,VOLTAS
2021Q1,6.49,2204.02,9.74,304.35,13.81,214.59,VOLTAS
2021Q2,4.09,1437.0,9.42,183.99,12.8,135.33,VOLTAS
2021Q3,3.29,1458.92,7.47,154.62,10.6,109.0,VOLTAS
2021Q4,3.71,1607.25,7.63,171.66,10.68,122.64,VOLTAS
2022Q1,6.54,2486.66,8.71,300.57,12.09,216.5,VOLTAS
2022Q2,4.43,2562.32,5.72,207.39,8.09,146.58,VOLTAS
2022Q3,31.97,1381.0,76.6,1082.31,78.37,1057.82,VOLTAS
2022Q4,1.34,1398.01,3.17,73.28,5.24,44.32,VOLTAS
2023Q1,4.73,2228.98,7.03,213.98,9.6,156.59,VOLTAS
2023Q2,6.49,2672.21,8.03,283.21,10.6,214.61,VOLTAS
2023Q3,3.08,1313.8,7.76,146.47,11.15,102.0,VOLTAS
2023Q4,2.94,1564.52,6.22,143.43,9.17,97.33,VOLTAS
2024Q1,5.75,3032.1,6.28,248.79,8.21,190.31,VOLTAS
2024Q2,10.25,3896.91,8.7,442.68,11.36,339.14,VOLTAS
2024Q3,3.29,1681.37,6.47,183.33,10.9,108.78,VOLTAS
2024Q4,3.27,2013.07,5.38,170.2,8.45,108.34,VOLTAS
2025Q1,6.66,3591.01,6.14,330.38,9.2,220.5,VOLTAS
2025Q2,6.15,3049.34,6.67,266.93,8.75,203.48,VOLTAS
2025Q3,0.22,1407.49,0.52,43.78,3.11,7.33,VOLTAS
2015Q4,0.0,0.0,0.0,-0.01,0.0,-0.03,WESTLIFE
2016Q1,-0.02,0.31,-96.77,-0.11,-35.48,-0.3,WESTLIFE
2016Q2,0.0,0.0,0.0,-0.07,0.0,-0.07,WESTLIFE
2016Q3,0.0,0.0,0.0,-0.02,0.0,-0.02,WESTLIFE
2016Q4,-0.01,0.0,0.0,-0.11,0.0,-0.11,WESTLIFE
2017Q1,-0.01,0.2,-50.0,-0.1,-50.0,-0.1,WESTLIFE
2017Q2,0.0,0.0,0.0,-0.07,0.0,-0.07,WESTLIFE
2017Q3,-0.01,0.0,0.0,-0.14,0.0,-0.14,WESTLIFE
2017Q4,-0.01,0.0,0.0,-0.1,0.0,-0.1,WESTLIFE
2018Q1,-0.01,0.0,0.0,-0.22,0.0,-0.22,WESTLIFE
2018Q2,0.0,0.0,0.0,-0.05,0.0,-0.05,WESTLIFE
2018Q3,-0.01,0.0,0.0,-0.11,0.0,-0.11,WESTLIFE
2018Q4,-0.01,0.0,0.0,-0.19,0.0,-0.22,WESTLIFE
2019Q1,-0.01,0.11,-100.0,-0.11,-100.0,-0.11,WESTLIFE
2019Q2,0.0,0.11,-45.45,-0.05,-45.45,-0.05,WESTLIFE
2019Q3,-0.01,0.16,-50.0,-0.08,-50.0,-0.08,WESTLIFE
2019Q4,0.0,0.12,-58.33,-0.07,-58.33,-0.07,WESTLIFE
2020Q1,-0.01,0.11,-90.91,-0.1,-90.91,-0.1,WESTLIFE
2020Q2,0.0,0.19,-31.58,-0.06,-31.58,-0.06,WESTLIFE
2020Q3,-0.01,0.1,-110.0,-0.11,-110.0,-0.11,WESTLIFE
2020Q4,-0.01,0.08,-100.0,-0.08,-100.0,-0.08,WESTLIFE
2021Q1,-0.01,0.06,-250.0,-0.15,-250.0,-0.15,WESTLIFE
2021Q2,0.0,0.12,-50.0,-0.06,-50.0,-0.06,WESTLIFE
2021Q3,-0.01,0.12,-83.33,-0.1,-83.33,-0.1,WESTLIFE
2021Q4,-0.01,0.1,-100.0,-0.1,-100.0,-0.1,WESTLIFE
2022Q1,-0.01,0.12,-133.33,-0.16,-133.33,-0.16,WESTLIFE
2022Q2,-0.01,0.07,-228.57,-0.16,-228.57,-0.16,WESTLIFE
2022Q3,-0.01,0.14,-135.71,-0.19,-135.71,-0.19,WESTLIFE
2022Q4,0.0,0.2,-30.0,-0.06,-30.0,-0.06,WESTLIFE
2023Q1,-0.02,0.22,-150.0,-0.17,-77.27,-0.33,WESTLIFE
2023Q2,3.84,61.85,96.7,61.43,99.32,59.81,WESTLIFE
2023Q3,0.0,0.21,-4.76,0.07,33.33,-0.01,WESTLIFE
2023Q4,-0.01,0.22,-36.36,-0.08,-36.36,-0.08,WESTLIFE
2024Q1,-0.04,0.26,-230.77,-0.69,-265.38,-0.6,WESTLIFE
2024Q2,-0.01,0.23,-30.43,-0.07,-30.43,-0.07,WESTLIFE
2024Q3,-0.01,0.27,-77.78,-0.21,-77.78,-0.21,WESTLIFE
2024Q4,-0.01,0.24,-58.33,-0.14,-58.33,-0.14,WESTLIFE
2025Q1,0.08,0.29,451.72,0.05,17.24,1.31,WESTLIFE
2025Q2,0.93,14.75,98.44,14.52,98.44,14.52,WESTLIFE
2025Q3,-0.01,0.29,-44.83,-0.13,-44.83,-0.13,WESTLIFE
2015Q4,3.01,922.35,4.14,78.24,8.48,38.21,WHIRLPOOL
2016Q1,5.46,848.53,8.16,121.87,14.36,69.28,WHIRLPOOL
2016Q2,9.61,1272.67,9.58,208.88,16.41,121.95,WHIRLPOOL
2016Q3,4.63,843.42,6.96,108.3,12.84,58.72,WHIRLPOOL
2016Q4,4.37,810.15,6.84,103.27,12.75,55.44,WHIRLPOOL
2017Q1,5.86,1014.55,7.33,141.39,13.94,74.38,WHIRLPOOL
2017Q2,10.46,1463.96,9.07,232.65,15.89,132.72,WHIRLPOOL
2017Q3,5.79,1159.67,6.33,141.18,12.17,73.45,WHIRLPOOL
2017Q4,4.19,958.01,5.55,110.39,11.52,53.14,WHIRLPOOL
2018Q1,7.2,1257.74,7.27,164.01,13.04,91.38,WHIRLPOOL
2018Q2,12.91,1651.08,9.92,279.71,16.94,163.79,WHIRLPOOL
2018Q3,6.19,1181.5,6.65,147.58,12.49,78.55,WHIRLPOOL
2018Q4,4.78,1211.54,5.0,124.43,10.27,60.62,WHIRLPOOL
2019Q1,8.21,1355.15,7.68,196.72,14.52,104.1,WHIRLPOOL
2019Q2,15.04,1974.2,9.67,329.88,16.71,190.84,WHIRLPOOL
2019Q3,9.84,1393.46,8.96,180.43,12.95,124.83,WHIRLPOOL
2019Q4,5.77,1271.24,5.76,129.12,10.16,73.22,WHIRLPOOL
2020Q1,6.89,1353.62,6.46,162.63,12.01,87.41,WHIRLPOOL
2020Q2,1.3,1027.05,1.6,60.83,5.92,16.47,WHIRLPOOL
2020Q3,10.14,1599.47,8.04,216.0,13.5,128.62,WHIRLPOOL
2020Q4,5.07,1493.98,4.31,128.96,8.63,64.37,WHIRLPOOL
2021Q1,9.76,1779.39,6.96,202.8,11.4,123.82,WHIRLPOOL
2021Q2,1.84,1340.61,1.74,69.47,5.18,23.34,WHIRLPOOL
2021Q3,6.19,1607.1,4.88,145.42,9.05,78.49,WHIRLPOOL
2021Q4,3.27,1435.06,2.89,91.33,6.36,41.49,WHIRLPOOL
2022Q1,6.27,1610.63,4.94,148.37,9.21,79.53,WHIRLPOOL
2022Q2,6.14,1983.74,3.93,148.31,7.48,77.9,WHIRLPOOL
2022Q3,3.2,1488.91,2.73,93.54,6.28,40.62,WHIRLPOOL
2022Q4,0.85,1172.37,0.92,58.51,4.99,10.74,WHIRLPOOL
2023Q1,4.38,1565.23,3.55,120.14,7.68,55.6,WHIRLPOOL
2023Q2,4.91,1922.85,3.24,132.43,6.89,62.27,WHIRLPOOL
2023Q3,2.01,1400.02,1.82,83.35,5.95,25.52,WHIRLPOOL
2023Q4,1.16,1397.79,1.05,71.5,5.12,14.68,WHIRLPOOL
2024Q1,5.12,1612.01,4.03,158.06,9.81,64.9,WHIRLPOOL
2024Q2,10.56,2383.7,5.62,240.64,10.1,134.03,WHIRLPOOL
2024Q3,3.29,1582.08,2.64,113.74,7.19,41.7,WHIRLPOOL
2024Q4,2.11,1564.95,1.71,90.44,5.78,26.78,WHIRLPOOL
2025Q1,8.74,1890.07,5.87,211.02,11.16,110.86,WHIRLPOOL
2025Q2,10.65,2317.47,5.83,243.69,10.52,135.07,WHIRLPOOL
2025Q3,2.14,1502.15,1.8,90.9,6.05,27.09,WHIRLPOOL
